recv_ns,trade_us,event_us,symbol,price,qty,is_sell
1772542790939719700,1772542791112185,1772542791112478,BTCUSDT,67390.32000000,0.00083000,1
1772542791422107700,1772542791595658,1772542791595937,BTCUSDT,67390.32000000,0.01068000,1
1772542791677828200,1772542791850069,1772542791850559,BTCUSDT,67390.32000000,0.00073000,1
1772542791787267300,1772542791960396,1772542791960770,BTCUSDT,67390.32000000,0.00042000,1
1772542792043070600,1772542792210090,1772542792210909,BTCUSDT,67390.33000000,0.00635000,0
1772542792043159100,1772542792210090,1772542792210913,BTCUSDT,67390.34000000,0.00083000,0
1772542792043207600,1772542792210090,1772542792210914,BTCUSDT,67390.38000000,0.00027000,0
1772542792043251700,1772542792210090,1772542792210915,BTCUSDT,67390.44000000,0.00016000,0
1772542792043297500,1772542792210090,1772542792210916,BTCUSDT,67390.67000000,0.00008000,0
1772542792043342600,1772542792210090,1772542792210916,BTCUSDT,67390.68000000,0.00025000,0
1772542792043383800,1772542792210090,1772542792210917,BTCUSDT,67390.72000000,0.00016000,0
1772542792043414200,1772542792210090,1772542792210918,BTCUSDT,67391.18000000,0.00024000,0
1772542792043445300,1772542792210090,1772542792210918,BTCUSDT,67391.20000000,0.00016000,0
1772542792043475600,1772542792210090,1772542792210919,BTCUSDT,67391.30000000,0.00054000,0
1772542792043505800,1772542792210090,1772542792210920,BTCUSDT,67391.52000000,0.00008000,0
1772542792043544100,1772542792210090,1772542792210921,BTCUSDT,67391.67000000,0.00016000,0
1772542792043575300,1772542792210090,1772542792210941,BTCUSDT,67391.67000000,0.00010000,1
1772542792167473300,1772542792340349,1772542792340616,BTCUSDT,67391.67000000,0.00047000,1
1772542792344919900,1772542792516790,1772542792517472,BTCUSDT,67391.68000000,0.00405000,0
1772542792345072100,1772542792516790,1772542792517476,BTCUSDT,67391.69000000,0.00083000,0
1772542792345139000,1772542792516790,1772542792517477,BTCUSDT,67391.75000000,0.00008000,0
1772542792345200700,1772542792516790,1772542792517478,BTCUSDT,67392.00000000,0.00072000,0
1772542792345260300,1772542792516790,1772542792517479,BTCUSDT,67392.08000000,0.00032000,0
1772542792345319600,1772542792516790,1772542792517479,BTCUSDT,67392.42000000,0.00008000,0
1772542792345383500,1772542792516790,1772542792517480,BTCUSDT,67392.43000000,0.00041000,0
1772542792525115100,1772542792696980,1772542792697252,BTCUSDT,67392.43000000,0.00075000,1
1772542792693118500,1772542792855336,1772542792855865,BTCUSDT,67392.44000000,0.00316000,0
1772542792693224400,1772542792855336,1772542792855869,BTCUSDT,67392.45000000,0.00091000,0
1772542792693290800,1772542792855445,1772542792855922,BTCUSDT,67392.65000000,0.00016000,0
1772542792705145800,1772542792870764,1772542792871180,BTCUSDT,67393.60000000,0.00075000,0
1772542792743689800,1772542792915638,1772542792916491,BTCUSDT,67393.60000000,0.00215000,0
1772542792743753300,1772542792915638,1772542792916495,BTCUSDT,67393.61000000,0.00050000,0
1772542792743790900,1772542792915638,1772542792916496,BTCUSDT,67394.00000000,0.00079000,0
1772542792743823400,1772542792915638,1772542792916496,BTCUSDT,67394.11000000,0.00024000,0
1772542792743857700,1772542792915638,1772542792916497,BTCUSDT,67394.12000000,0.00049000,0
1772542792743893400,1772542792915638,1772542792916498,BTCUSDT,67394.13000000,0.00016000,0
1772542792743924100,1772542792915638,1772542792916498,BTCUSDT,67394.15000000,0.00016000,0
1772542792743954300,1772542792915638,1772542792916499,BTCUSDT,67394.34000000,0.00016000,0
1772542792743984800,1772542792915638,1772542792916500,BTCUSDT,67394.41000000,0.00016000,0
1772542792744014300,1772542792915638,1772542792916500,BTCUSDT,67394.50000000,0.00354000,0
1772542792744044400,1772542792915638,1772542792916501,BTCUSDT,67394.52000000,0.00024000,0
1772542792744075400,1772542792915638,1772542792916502,BTCUSDT,67394.56000000,0.00025000,0
1772542792744105800,1772542792915638,1772542792916502,BTCUSDT,67395.02000000,0.00024000,0
1772542792744136400,1772542792915638,1772542792916503,BTCUSDT,67395.76000000,0.00024000,0
1772542792744166500,1772542792915638,1772542792916504,BTCUSDT,67395.77000000,0.00032000,0
1772542792744203900,1772542792915638,1772542792916504,BTCUSDT,67396.00000000,0.00056000,0
1772542792744240900,1772542792915638,1772542792916505,BTCUSDT,67396.38000000,0.00016000,0
1772542792744279100,1772542792915638,1772542792916506,BTCUSDT,67396.52000000,0.00025000,0
1772542792744316600,1772542792915638,1772542792916506,BTCUSDT,67397.12000000,0.00009000,0
1772542792744346700,1772542792915638,1772542792916507,BTCUSDT,67397.13000000,0.00017000,0
1772542792744376700,1772542792915638,1772542792916508,BTCUSDT,67397.14000000,0.00012000,0
1772542792744406700,1772542792915638,1772542792916508,BTCUSDT,67397.17000000,0.00009000,0
1772542792744436500,1772542792915638,1772542792916509,BTCUSDT,67397.24000000,0.00008000,0
1772542792744466500,1772542792915638,1772542792916511,BTCUSDT,67397.25000000,0.00016000,0
1772542792744499100,1772542792915638,1772542792916512,BTCUSDT,67397.28000000,0.00008000,0
1772542792744928800,1772542792918143,1772542792918676,BTCUSDT,67397.29000000,0.00009000,0
1772542793368457600,1772542793541633,1772542793541945,BTCUSDT,67397.29000000,0.00156000,0
1772542793401931100,1772542793573866,1772542793574177,BTCUSDT,67397.28000000,0.05341000,1
1772542793525521200,1772542793698409,1772542793698667,BTCUSDT,67397.28000000,0.00079000,1
1772542794775089300,1772542794948445,1772542794948913,BTCUSDT,67397.29000000,0.04605000,0
1772542794777594300,1772542794950478,1772542794950774,BTCUSDT,67397.29000000,0.04664000,0
1772542794805672300,1772542794976790,1772542794977071,BTCUSDT,67397.29000000,0.00009000,0
1772542794944219100,1772542795116893,1772542795117150,BTCUSDT,67397.29000000,0.00047000,0
1772542795294096400,1772542795466772,1772542795467122,BTCUSDT,67397.28000000,0.00507000,1
1772542795489986300,1772542795663500,1772542795663768,BTCUSDT,67397.29000000,0.00062000,0
1772542795636891100,1772542795809856,1772542795810114,BTCUSDT,67397.28000000,0.00075000,1
1772542796339148600,1772542796512458,1772542796512726,BTCUSDT,67397.28000000,0.00074000,1
1772542796745855500,1772542796918845,1772542796919286,BTCUSDT,67397.29000000,0.00073000,0
1772542796759767500,1772542796932854,1772542796933290,BTCUSDT,67397.29000000,0.00083000,0
1772542797353847700,1772542797526831,1772542797527107,BTCUSDT,67397.28000000,0.00047000,1
1772542797523992800,1772542797697347,1772542797697622,BTCUSDT,67397.29000000,0.00042000,0
1772542798417011800,1772542798589919,1772542798590276,BTCUSDT,67397.29000000,0.00121000,0
1772542798417146000,1772542798590619,1772542798590946,BTCUSDT,67397.29000000,0.00121000,0
1772542798731394600,1772542798903267,1772542798903699,BTCUSDT,67397.29000000,0.00062000,0
1772542798791904000,1772542798964752,1772542798965058,BTCUSDT,67397.28000000,0.00076000,1
1772542799219515300,1772542799392720,1772542799393504,BTCUSDT,67397.29000000,0.00238000,0
1772542799219629100,1772542799392720,1772542799393509,BTCUSDT,67397.30000000,0.00083000,0
1772542799219701500,1772542799392720,1772542799393510,BTCUSDT,67397.31000000,0.00027000,0
1772542799219765800,1772542799392720,1772542799393511,BTCUSDT,67397.59000000,0.00024000,0
1772542799219829100,1772542799392720,1772542799393512,BTCUSDT,67397.60000000,0.00016000,0
1772542799219891400,1772542799392720,1772542799393512,BTCUSDT,67397.61000000,0.00016000,0
1772542799219954900,1772542799392720,1772542799393513,BTCUSDT,67397.86000000,0.00024000,0
1772542799220006500,1772542799392720,1772542799393514,BTCUSDT,67398.00000000,0.00065000,0
1772542799220056000,1772542799392720,1772542799393514,BTCUSDT,67398.26000000,0.00016000,0
1772542799220104900,1772542799392720,1772542799393517,BTCUSDT,67398.31000000,0.00008000,0
1772542799220154600,1772542799392720,1772542799393518,BTCUSDT,67398.86000000,0.00024000,0
1772542799220204000,1772542799392720,1772542799393519,BTCUSDT,67398.95000000,0.00016000,0
1772542799220253500,1772542799392720,1772542799393519,BTCUSDT,67398.99000000,0.00008000,0
1772542799220302700,1772542799392720,1772542799393520,BTCUSDT,67399.05000000,0.00344000,0
1772542799220350800,1772542799392720,1772542799393520,BTCUSDT,67399.36000000,0.00024000,0
1772542799220399500,1772542799392720,1772542799393521,BTCUSDT,67399.37000000,0.00016000,0
1772542799220448500,1772542799392720,1772542799393522,BTCUSDT,67399.38000000,0.00017000,0
1772542799220498100,1772542799392720,1772542799393522,BTCUSDT,67399.44000000,0.00025000,0
1772542799220547600,1772542799392720,1772542799393523,BTCUSDT,67399.49000000,0.00016000,0
1772542799220596900,1772542799392720,1772542799393524,BTCUSDT,67399.54000000,0.00016000,0
1772542799220641300,1772542799392720,1772542799393525,BTCUSDT,67399.66000000,0.00016000,0
1772542799220701800,1772542799392720,1772542799393525,BTCUSDT,67399.68000000,0.00025000,0
1772542799220777300,1772542799392720,1772542799393526,BTCUSDT,67399.72000000,0.00016000,0
1772542799220845100,1772542799392720,1772542799393528,BTCUSDT,67399.84000000,0.00016000,0
1772542799220920100,1772542799392720,1772542799393546,BTCUSDT,67399.84000000,0.00010000,1
1772542799268022900,1772542799441586,1772542799441888,BTCUSDT,67399.85000000,0.00079000,0
1772542799283140300,1772542799455907,1772542799456208,BTCUSDT,67399.84000000,0.00073000,1
1772542799384404700,1772542799556197,1772542799556526,BTCUSDT,67399.84000000,0.00011000,1
1772542799564699300,1772542799736102,1772542799736544,BTCUSDT,67399.85000000,0.00047000,0
1772542799896033700,1772542800067237,1772542800067791,BTCUSDT,67399.85000000,0.00026000,0
1772542800045107600,1772542800215879,1772542800216670,BTCUSDT,67399.85000000,0.00289000,0
1772542800045169000,1772542800215879,1772542800216675,BTCUSDT,67399.86000000,0.00099000,0
1772542800045201100,1772542800215879,1772542800216676,BTCUSDT,67399.87000000,0.00027000,0
1772542800045231500,1772542800215879,1772542800216676,BTCUSDT,67399.92000000,0.00008000,0
1772542800045263200,1772542800215879,1772542800216677,BTCUSDT,67399.98000000,0.00008000,0
1772542800045291500,1772542800215879,1772542800216678,BTCUSDT,67399.99000000,0.00033000,0
1772542800045320900,1772542800215879,1772542800216678,BTCUSDT,67400.00000000,0.00073000,0
1772542800045349500,1772542800215879,1772542800216679,BTCUSDT,67400.35000000,0.00016000,0
1772542800045378200,1772542800215879,1772542800216679,BTCUSDT,67401.20000000,0.00008000,0
1772542800045406900,1772542800215879,1772542800216680,BTCUSDT,67401.71000000,0.00008000,0
1772542800045435200,1772542800215879,1772542800216681,BTCUSDT,67401.84000000,0.00024000,0
1772542800045464100,1772542800215879,1772542800216681,BTCUSDT,67401.85000000,0.00016000,0
1772542800045493500,1772542800215879,1772542800216682,BTCUSDT,67402.00000000,0.00040000,0
1772542800045523100,1772542800215879,1772542800216683,BTCUSDT,67402.24000000,0.00009000,0
1772542800045551900,1772542800215879,1772542800216683,BTCUSDT,67402.36000000,0.00009000,0
1772542800045583000,1772542800215879,1772542800216684,BTCUSDT,67402.48000000,0.00008000,0
1772542800095254000,1772542800268045,1772542800268587,BTCUSDT,67402.49000000,0.01039000,0
1772542800095347800,1772542800268045,1772542800268592,BTCUSDT,67402.50000000,0.00048000,0
1772542800095401400,1772542800268045,1772542800268594,BTCUSDT,67403.03000000,0.00016000,0
1772542800095451100,1772542800268045,1772542800268594,BTCUSDT,67403.34000000,0.00016000,0
1772542800095498700,1772542800268045,1772542800268595,BTCUSDT,67403.48000000,0.00016000,0
1772542800095545700,1772542800268045,1772542800268596,BTCUSDT,67403.53000000,0.00016000,0
1772542800095597700,1772542800268045,1772542800268597,BTCUSDT,67403.54000000,0.00016000,0
1772542800147396800,1772542800319968,1772542800320571,BTCUSDT,67403.70000000,0.00588000,0
1772542800147568000,1772542800319968,1772542800320576,BTCUSDT,67403.71000000,0.00091000,0
1772542800147692400,1772542800319968,1772542800320577,BTCUSDT,67403.72000000,0.00027000,0
1772542800147833200,1772542800319968,1772542800320577,BTCUSDT,67403.80000000,0.00016000,0
1772542800147962800,1772542800319968,1772542800320578,BTCUSDT,67403.84000000,0.00012000,0
1772542800148082500,1772542800319968,1772542800320579,BTCUSDT,67403.85000000,0.00016000,0
1772542800148202200,1772542800319968,1772542800320580,BTCUSDT,67403.86000000,0.00016000,0
1772542800148312500,1772542800319968,1772542800320580,BTCUSDT,67404.00000000,0.00049000,0
1772542800148407500,1772542800319968,1772542800320581,BTCUSDT,67404.40000000,0.00025000,0
1772542800148501700,1772542800319968,1772542800320582,BTCUSDT,67404.49000000,0.00325000,0
1772542800148596400,1772542800319968,1772542800320583,BTCUSDT,67404.54000000,0.00008000,0
1772542800148697200,1772542800319968,1772542800320584,BTCUSDT,67404.61000000,0.00008000,0
1772542800254117700,1772542800421841,1772542800422438,BTCUSDT,67404.62000000,0.00227000,0
1772542800254283200,1772542800421841,1772542800422443,BTCUSDT,67404.63000000,0.00067000,0
1772542800254396900,1772542800421841,1772542800422444,BTCUSDT,67404.80000000,0.00009000,0
1772542800254515400,1772542800421841,1772542800422445,BTCUSDT,67404.97000000,0.00024000,0
1772542800254721000,1772542800421841,1772542800422446,BTCUSDT,67404.98000000,0.00032000,0
1772542800254864000,1772542800421841,1772542800422447,BTCUSDT,67405.28000000,0.00009000,0
1772542800254995300,1772542800421841,1772542800422447,BTCUSDT,67405.51000000,0.00008000,0
1772542800301334300,1772542800473420,1772542800474033,BTCUSDT,67405.52000000,0.00232000,0
1772542800301500200,1772542800473420,1772542800474037,BTCUSDT,67405.53000000,0.00040000,0
1772542800301611400,1772542800473420,1772542800474038,BTCUSDT,67405.57000000,0.00016000,0
1772542800301722000,1772542800473420,1772542800474038,BTCUSDT,67405.84000000,0.00343000,0
1772542800301842400,1772542800473420,1772542800474039,BTCUSDT,67406.00000000,0.00087000,0
1772542800301992600,1772542800473420,1772542800474040,BTCUSDT,67406.47000000,0.00024000,0
1772542800349733300,1772542800521213,1772542800521708,BTCUSDT,67406.48000000,0.00218000,0
1772542800351206300,1772542800523532,1772542800524276,BTCUSDT,67406.49000000,0.00166000,0
1772542800351337200,1772542800523532,1772542800524280,BTCUSDT,67406.50000000,0.00024000,0
1772542800351460500,1772542800523532,1772542800524281,BTCUSDT,67406.54000000,0.00024000,0
1772542800352812200,1772542800525609,1772542800526183,BTCUSDT,67406.55000000,0.00061000,0
1772542800352926300,1772542800525609,1772542800526187,BTCUSDT,67406.77000000,0.00024000,0
1772542800353043800,1772542800525609,1772542800526187,BTCUSDT,67406.78000000,0.00043000,0
1772542800397636800,1772542800570891,1772542800571285,BTCUSDT,67406.98000000,0.00166000,0
1772542800401110500,1772542800574231,1772542800574683,BTCUSDT,67406.99000000,0.00166000,0
1772542800401347700,1772542800574231,1772542800574687,BTCUSDT,67407.00000000,0.00064000,0
1772542800403187800,1772542800576329,1772542800576801,BTCUSDT,67407.36000000,0.00131000,0
1772542800403391500,1772542800576329,1772542800576805,BTCUSDT,67407.37000000,0.00016000,0
1772542800403573000,1772542800576329,1772542800576806,BTCUSDT,67407.85000000,0.00016000,0
1772542800403747500,1772542800576329,1772542800576807,BTCUSDT,67407.87000000,0.00024000,0
1772542800404054000,1772542800576329,1772542800576807,BTCUSDT,67407.88000000,0.00024000,0
1772542800404296600,1772542800576329,1772542800576808,BTCUSDT,67408.00000000,0.00087000,0
1772542800421586300,1772542800576432,1772542800577031,BTCUSDT,67408.20000000,0.00025000,0
1772542800421738200,1772542800576432,1772542800577035,BTCUSDT,67408.22000000,0.00009000,0
1772542800421903700,1772542800579662,1772542800580424,BTCUSDT,67409.08000000,0.00149000,0
1772542800422033100,1772542800579662,1772542800580428,BTCUSDT,67409.09000000,0.00024000,0
1772542800422165400,1772542800579662,1772542800580429,BTCUSDT,67409.26000000,0.00016000,0
1772542800446764600,1772542800619516,1772542800620000,BTCUSDT,67409.37000000,0.00260000,0
1772542800446820700,1772542800619516,1772542800620004,BTCUSDT,67409.38000000,0.00075000,0
1772542800446854500,1772542800619516,1772542800620005,BTCUSDT,67409.41000000,0.00027000,0
1772542800446886900,1772542800619516,1772542800620006,BTCUSDT,67409.79000000,0.00016000,0
1772542800450362400,1772542800621624,1772542800622019,BTCUSDT,67409.92000000,0.00105000,0
1772542800450411600,1772542800621624,1772542800622023,BTCUSDT,67409.93000000,0.00032000,0
1772542800459324000,1772542800632350,1772542800632891,BTCUSDT,67409.92000000,0.00240000,0
1772542800459487600,1772542800632350,1772542800632895,BTCUSDT,67409.93000000,0.00104000,0
1772542800459526800,1772542800632350,1772542800632896,BTCUSDT,67409.94000000,0.00008000,0
1772542800459559600,1772542800632350,1772542800632896,BTCUSDT,67410.00000000,0.00103000,0
1772542800459591700,1772542800633134,1772542800633514,BTCUSDT,67410.38000000,0.00070000,1
1772542800461234300,1772542800633876,1772542800634340,BTCUSDT,67410.39000000,0.00024000,0
1772542800461274300,1772542800633876,1772542800634344,BTCUSDT,67410.40000000,0.00016000,0
1772542800461307700,1772542800633876,1772542800634345,BTCUSDT,67410.48000000,0.00024000,0
1772542800461339800,1772542800633876,1772542800634345,BTCUSDT,67410.54000000,0.00016000,0
1772542800461372100,1772542800633876,1772542800634346,BTCUSDT,67410.76000000,0.00032000,0
1772542800461404400,1772542800634293,1772542800634886,BTCUSDT,67410.97000000,0.00300000,0
1772542800461448000,1772542800634293,1772542800634890,BTCUSDT,67411.12000000,0.00009000,0
1772542800461481500,1772542800634293,1772542800634891,BTCUSDT,67411.22000000,0.00008000,0
1772542800461512300,1772542800634293,1772542800634892,BTCUSDT,67411.33000000,0.00008000,0
1772542800461543000,1772542800634293,1772542800634893,BTCUSDT,67411.34000000,0.00016000,0
1772542800461573500,1772542800634293,1772542800634893,BTCUSDT,67411.45000000,0.00334000,0
1772542800492965000,1772542800665817,1772542800666650,BTCUSDT,67412.00000000,0.00276000,0
1772542800493058800,1772542800665817,1772542800666653,BTCUSDT,67412.01000000,0.00464000,0
1772542800493126900,1772542800665817,1772542800666654,BTCUSDT,67412.02000000,0.00027000,0
1772542800493189900,1772542800665817,1772542800666655,BTCUSDT,67412.03000000,0.00009000,0
1772542800493293700,1772542800665817,1772542800666655,BTCUSDT,67412.04000000,0.00009000,0
1772542800493363500,1772542800665817,1772542800666656,BTCUSDT,67412.25000000,0.00047000,0
1772542800493438500,1772542800665817,1772542800666657,BTCUSDT,67412.28000000,0.00008000,0
1772542800493532200,1772542800665817,1772542800666658,BTCUSDT,67412.29000000,0.00032000,0
1772542800591177100,1772542800754117,1772542800754817,BTCUSDT,67412.30000000,0.00283000,0
1772542800591320700,1772542800754117,1772542800754822,BTCUSDT,67412.31000000,0.00075000,0
1772542800591411200,1772542800754117,1772542800754822,BTCUSDT,67412.32000000,0.00027000,0
1772542800591486500,1772542800754117,1772542800754823,BTCUSDT,67412.42000000,0.00048000,0
1772542800591562400,1772542800754117,1772542800754824,BTCUSDT,67412.48000000,0.00009000,0
1772542800591635000,1772542800754117,1772542800754825,BTCUSDT,67412.53000000,0.00016000,0
1772542800591706300,1772542800754117,1772542800754826,BTCUSDT,67412.54000000,0.00025000,0
1772542800591776700,1772542800754117,1772542800754827,BTCUSDT,67412.89000000,0.00346000,0
1772542800591839300,1772542800754117,1772542800754827,BTCUSDT,67413.18000000,0.00016000,0
1772542800591895900,1772542800754117,1772542800754828,BTCUSDT,67413.19000000,0.00032000,0
1772542800591981700,1772542800757715,1772542800758178,BTCUSDT,67413.88000000,0.00173000,0
1772542800592039200,1772542800757715,1772542800758182,BTCUSDT,67413.89000000,0.00048000,0
1772542800613081500,1772542800781590,1772542800782005,BTCUSDT,67414.00000000,0.00076000,0
1772542800745752700,1772542800917292,1772542800918156,BTCUSDT,67414.00000000,0.00212000,0
1772542800745923400,1772542800917292,1772542800918163,BTCUSDT,67414.01000000,0.00067000,0
1772542800746123700,1772542800917292,1772542800918163,BTCUSDT,67414.04000000,0.00009000,0
1772542800746235700,1772542800917292,1772542800918164,BTCUSDT,67414.07000000,0.00008000,0
1772542800746339800,1772542800917292,1772542800918165,BTCUSDT,67414.52000000,0.00016000,0
1772542800746442100,1772542800917292,1772542800918167,BTCUSDT,67414.56000000,0.00008000,0
1772542800746543300,1772542800917292,1772542800918167,BTCUSDT,67414.66000000,0.00016000,0
1772542800746634700,1772542800917292,1772542800918168,BTCUSDT,67415.04000000,0.00009000,0
1772542800746710600,1772542800917292,1772542800918169,BTCUSDT,67415.16000000,0.00009000,0
1772542800746784500,1772542800917292,1772542800918169,BTCUSDT,67415.58000000,0.00059000,0
1772542800746858800,1772542800917292,1772542800918170,BTCUSDT,67415.88000000,0.00016000,0
1772542800746937300,1772542800917292,1772542800918171,BTCUSDT,67415.96000000,0.00143000,0
1772542800747013000,1772542800917292,1772542800918171,BTCUSDT,67416.00000000,0.00069000,0
1772542800747087400,1772542800917292,1772542800918172,BTCUSDT,67416.30000000,0.00016000,0
1772542800747161200,1772542800917292,1772542800918173,BTCUSDT,67416.50000000,0.00015000,0
1772542800747232400,1772542800917292,1772542800918174,BTCUSDT,67416.96000000,0.00009000,0
1772542800747292000,1772542800917292,1772542800918175,BTCUSDT,67417.37000000,0.00024000,0
1772542800747348800,1772542800917292,1772542800918175,BTCUSDT,67417.38000000,0.00016000,0
1772542800747406200,1772542800917292,1772542800918176,BTCUSDT,67417.45000000,0.00008000,0
1772542800747462400,1772542800917292,1772542800918177,BTCUSDT,67417.48000000,0.00016000,0
1772542800747518500,1772542800917292,1772542800918177,BTCUSDT,67417.49000000,0.00024000,0
1772542800747574500,1772542800917292,1772542800918178,BTCUSDT,67417.50000000,0.00056000,0
1772542800747631500,1772542800917292,1772542800918179,BTCUSDT,67417.51000000,0.00030000,0
1772542800747688200,1772542800917292,1772542800918180,BTCUSDT,67417.60000000,0.00009000,0
1772542800747732700,1772542800917292,1772542800918181,BTCUSDT,67417.86000000,0.00300000,0
1772542800747777400,1772542800917292,1772542800918181,BTCUSDT,67417.90000000,0.00008000,0
1772542800747821800,1772542800917292,1772542800918182,BTCUSDT,67418.00000000,0.00060000,0
1772542800747867500,1772542800917292,1772542800918183,BTCUSDT,67418.07000000,0.00008000,0
1772542800747915500,1772542800917292,1772542800918183,BTCUSDT,67418.79000000,0.01654000,0
1772542800882679300,1772542801031204,1772542801031653,BTCUSDT,67418.80000000,0.00072000,0
1772542800984030000,1772542801156716,1772542801157056,BTCUSDT,67418.80000000,0.00020000,0
1772542801084551900,1772542801256760,1772542801257122,BTCUSDT,67418.80000000,0.00150000,0
1772542801173517700,1772542801342362,1772542801342646,BTCUSDT,67418.80000000,0.00149000,0
1772542801226138400,1772542801398717,1772542801399410,BTCUSDT,67418.80000000,0.01173000,0
1772542801226289600,1772542801398717,1772542801399414,BTCUSDT,67418.81000000,0.00083000,0
1772542801226402900,1772542801398717,1772542801399414,BTCUSDT,67418.82000000,0.00027000,0
1772542801226509800,1772542801398717,1772542801399415,BTCUSDT,67419.04000000,0.00032000,0
1772542801226621100,1772542801399201,1772542801399833,BTCUSDT,67419.88000000,0.00009000,0
1772542801226723500,1772542801399201,1772542801399837,BTCUSDT,67420.00000000,0.00085000,0
1772542801226833500,1772542801399201,1772542801399839,BTCUSDT,67420.04000000,0.00008000,0
1772542801226935000,1772542801399201,1772542801399839,BTCUSDT,67420.05000000,0.00024000,0
1772542801227034900,1772542801399201,1772542801399841,BTCUSDT,67420.06000000,0.00016000,0
1772542801227141400,1772542801399201,1772542801399841,BTCUSDT,67420.16000000,0.00025000,0
1772542801229205100,1772542801401004,1772542801401585,BTCUSDT,67420.38000000,0.00016000,0
1772542801234653400,1772542801408111,1772542801408767,BTCUSDT,67420.67000000,0.00204000,0
1772542801234797300,1772542801408111,1772542801408771,BTCUSDT,67420.68000000,0.00048000,0
1772542801256558600,1772542801429625,1772542801429965,BTCUSDT,67420.76000000,0.00007000,0
1772542801286953300,1772542801460155,1772542801460799,BTCUSDT,67420.76000000,0.00195000,0
1772542801287080800,1772542801460155,1772542801460803,BTCUSDT,67420.77000000,0.00067000,0
1772542801287187300,1772542801460155,1772542801460804,BTCUSDT,67420.88000000,0.00032000,0
1772542801287292800,1772542801460155,1772542801460805,BTCUSDT,67421.01000000,0.00008000,0
1772542801287396700,1772542801460155,1772542801460805,BTCUSDT,67421.02000000,0.00024000,0
1772542801287504100,1772542801460155,1772542801460806,BTCUSDT,67421.03000000,0.00016000,0
1772542801287606400,1772542801460155,1772542801460806,BTCUSDT,67421.24000000,0.00024000,0
1772542801287722000,1772542801460155,1772542801460807,BTCUSDT,67421.73000000,0.00032000,0
1772542801287834000,1772542801460155,1772542801460807,BTCUSDT,67421.86000000,0.00032000,0
1772542801334794100,1772542801508534,1772542801508838,BTCUSDT,67421.86000000,0.00083000,1
1772542801360804700,1772542801534492,1772542801534806,BTCUSDT,67421.87000000,0.00075000,0
1772542801568428000,1772542801738060,1772542801738505,BTCUSDT,67421.86000000,0.00047000,1
1772542801651247900,1772542801823841,1772542801824504,BTCUSDT,67421.87000000,0.01180000,0
1772542801651407200,1772542801823841,1772542801824508,BTCUSDT,67421.88000000,0.00075000,0
1772542801651515100,1772542801823841,1772542801824509,BTCUSDT,67421.94000000,0.00008000,0
1772542801651619000,1772542801823841,1772542801824510,BTCUSDT,67422.00000000,0.00119000,0
1772542801651715600,1772542801823841,1772542801824510,BTCUSDT,67422.09000000,0.00346000,0
1772542801651821500,1772542801823841,1772542801824511,BTCUSDT,67422.15000000,0.00016000,0
1772542801651918100,1772542801823841,1772542801824512,BTCUSDT,67422.55000000,0.00250000,0
1772542801651993400,1772542801824081,1772542801824621,BTCUSDT,67422.72000000,0.00009000,0
1772542801652067600,1772542801824081,1772542801824624,BTCUSDT,67422.80000000,0.00009000,0
1772542801652142400,1772542801824081,1772542801824625,BTCUSDT,67423.52000000,0.00300000,0
1772542801652217000,1772542801824081,1772542801824626,BTCUSDT,67424.00000000,0.00060000,0
1772542801652290000,1772542801824081,1772542801824626,BTCUSDT,67424.09000000,0.00024000,0
1772542801652365800,1772542801824081,1772542801824628,BTCUSDT,67424.10000000,0.00016000,0
1772542801652432100,1772542801824081,1772542801824628,BTCUSDT,67424.39000000,0.00016000,0
1772542801652490100,1772542801824081,1772542801824629,BTCUSDT,67424.40000000,0.01896000,0
1772542801652550400,1772542801824081,1772542801824629,BTCUSDT,67424.58000000,0.00024000,0
1772542801652610000,1772542801824081,1772542801824630,BTCUSDT,67424.67000000,0.00032000,0
1772542801652669400,1772542801824081,1772542801824631,BTCUSDT,67424.97000000,0.00016000,0
1772542801652729800,1772542801824081,1772542801824631,BTCUSDT,67424.98000000,0.00016000,0
1772542801652788800,1772542801824081,1772542801824632,BTCUSDT,67424.99000000,0.00032000,0
1772542801652848500,1772542801824303,1772542801824846,BTCUSDT,67425.00000000,0.03741000,0
1772542801652906900,1772542801824303,1772542801824850,BTCUSDT,67425.02000000,0.00259000,0
1772542801652964900,1772542801824303,1772542801824850,BTCUSDT,67425.28000000,0.00025000,0
1772542801653613400,1772542801826413,1772542801827120,BTCUSDT,67425.54000000,0.00064000,0
1772542801653670600,1772542801826413,1772542801827124,BTCUSDT,67425.55000000,0.00008000,0
1772542801653719800,1772542801826413,1772542801827125,BTCUSDT,67425.72000000,0.00009000,0
1772542801653767800,1772542801826413,1772542801827126,BTCUSDT,67425.76000000,0.00016000,0
1772542801653815300,1772542801826413,1772542801827126,BTCUSDT,67425.78000000,0.00165000,0
1772542801653864600,1772542801826413,1772542801827127,BTCUSDT,67426.00000000,0.00060000,0
1772542801653910300,1772542801826413,1772542801827128,BTCUSDT,67426.05000000,0.00016000,0
1772542801655845500,1772542801828343,1772542801829396,BTCUSDT,67427.23000000,0.00119000,0
1772542801655915600,1772542801828343,1772542801829400,BTCUSDT,67427.24000000,0.00008000,0
1772542801655955400,1772542801828343,1772542801829401,BTCUSDT,67427.67000000,0.01866000,0
1772542801655991300,1772542801828343,1772542801829401,BTCUSDT,67427.76000000,0.00024000,0
1772542801677673100,1772542801850547,1772542801851070,BTCUSDT,67427.77000000,0.00190000,0
1772542801746264800,1772542801919081,1772542801919485,BTCUSDT,67427.77000000,0.00142000,0
1772542801794101400,1772542801966942,1772542801967641,BTCUSDT,67427.77000000,0.00207000,0
1772542801794266500,1772542801966942,1772542801967645,BTCUSDT,67427.78000000,0.00083000,0
1772542801794386100,1772542801966942,1772542801967646,BTCUSDT,67427.79000000,0.00043000,0
1772542801794517700,1772542801966942,1772542801967646,BTCUSDT,67427.80000000,0.00016000,0
1772542801794639500,1772542801966942,1772542801967647,BTCUSDT,67427.84000000,0.00009000,0
1772542801794766700,1772542801966942,1772542801967648,BTCUSDT,67427.92000000,0.00024000,0
1772542801794881800,1772542801966942,1772542801967648,BTCUSDT,67428.00000000,0.00069000,0
1772542801794997700,1772542801966942,1772542801967649,BTCUSDT,67428.24000000,0.00325000,0
1772542801795114900,1772542801966942,1772542801967649,BTCUSDT,67428.63000000,0.00024000,0
1772542801795231600,1772542801966942,1772542801967651,BTCUSDT,67428.64000000,0.00025000,0
1772542801795341800,1772542801966942,1772542801967652,BTCUSDT,67429.04000000,0.00016000,0
1772542801795452000,1772542801966942,1772542801967653,BTCUSDT,67429.20000000,0.00031000,0
1772542801795565700,1772542801966942,1772542801967654,BTCUSDT,67429.60000000,0.00024000,0
1772542801795668400,1772542801966942,1772542801967654,BTCUSDT,67430.00000000,0.00076000,0
1772542801795764900,1772542801966942,1772542801967655,BTCUSDT,67430.22000000,0.00008000,0
1772542801795849000,1772542801966942,1772542801967656,BTCUSDT,67430.33000000,0.00016000,0
1772542801795932700,1772542801966942,1772542801967656,BTCUSDT,67430.34000000,0.00008000,0
1772542801796015700,1772542801966942,1772542801967657,BTCUSDT,67430.35000000,0.00016000,0
1772542801796098700,1772542801966942,1772542801967658,BTCUSDT,67430.40000000,0.00009000,0
1772542801796181600,1772542801966942,1772542801967658,BTCUSDT,67430.56000000,0.00016000,0
1772542801796265100,1772542801966942,1772542801967659,BTCUSDT,67430.64000000,0.00012000,0
1772542801796334900,1772542801966942,1772542801967660,BTCUSDT,67430.86000000,0.00024000,0
1772542801796405600,1772542801966942,1772542801967660,BTCUSDT,67431.26000000,0.00024000,0
1772542801830398900,1772542802002674,1772542802003009,BTCUSDT,67431.29000000,0.00056000,0
1772542801922981500,1772542802095776,1772542802096125,BTCUSDT,67431.29000000,0.00420000,0
1772542802122924000,1772542802295846,1772542802296206,BTCUSDT,67431.29000000,0.00080000,0
1772542802182728000,1772542802355865,1772542802356369,BTCUSDT,67431.29000000,0.00014000,0
1772542802337815600,1772542802511068,1772542802511412,BTCUSDT,67431.29000000,0.00082000,0
1772542802359769100,1772542802531252,1772542802531613,BTCUSDT,67431.28000000,0.00294000,1
1772542802574599300,1772542802733592,1772542802734379,BTCUSDT,67431.29000000,0.01200000,0
1772542802574668200,1772542802733592,1772542802734382,BTCUSDT,67431.30000000,0.00099000,0
1772542802574708000,1772542802733592,1772542802734383,BTCUSDT,67431.31000000,0.00027000,0
1772542802574745300,1772542802733592,1772542802734384,BTCUSDT,67431.56000000,0.00009000,0
1772542802574788000,1772542802733647,1772542802734559,BTCUSDT,67431.77000000,0.00024000,0
1772542802574827400,1772542802733647,1772542802734563,BTCUSDT,67431.78000000,0.00032000,0
1772542802574863800,1772542802733647,1772542802734564,BTCUSDT,67431.83000000,0.00008000,0
1772542802574899200,1772542802733647,1772542802734564,BTCUSDT,67431.84000000,0.00016000,0
1772542802574934800,1772542802733647,1772542802734565,BTCUSDT,67432.00000000,0.00069000,0
1772542802574970200,1772542802733647,1772542802734565,BTCUSDT,67432.02000000,0.00169000,0
1772542802575005400,1772542802733647,1772542802734566,BTCUSDT,67432.84000000,0.00008000,0
1772542802575041300,1772542802733647,1772542802734567,BTCUSDT,67432.85000000,0.00016000,0
1772542802575076800,1772542802733647,1772542802734567,BTCUSDT,67432.96000000,0.00325000,0
1772542802575112900,1772542802733647,1772542802734568,BTCUSDT,67433.45000000,0.00008000,0
1772542802575149000,1772542802733647,1772542802734569,BTCUSDT,67433.86000000,0.00016000,0
1772542802575186600,1772542802733647,1772542802734570,BTCUSDT,67433.96000000,0.00020000,0
1772542802575223300,1772542802733647,1772542802734570,BTCUSDT,67433.99000000,0.00008000,0
1772542802575257500,1772542802733647,1772542802734571,BTCUSDT,67434.00000000,0.00076000,0
1772542802575288600,1772542802733647,1772542802734572,BTCUSDT,67434.12000000,0.00241000,0
1772542802575319300,1772542802733647,1772542802734572,BTCUSDT,67434.21000000,0.00024000,0
1772542802575351800,1772542802733647,1772542802734573,BTCUSDT,67434.22000000,0.00048000,0
1772542802575404700,1772542802736793,1772542802738866,BTCUSDT,67434.23000000,0.52567000,0
1772542802575443600,1772542802741054,1772542802746409,BTCUSDT,67434.23000000,0.03586000,0
1772542802575474500,1772542802741237,1772542802746470,BTCUSDT,67434.23000000,0.03586000,0
1772542802589865000,1772542802746805,1772542802750356,BTCUSDT,67434.23000000,0.04064000,0
1772542802642801600,1772542802815675,1772542802816296,BTCUSDT,67434.23000000,0.00313000,0
1772542802642864600,1772542802815675,1772542802816300,BTCUSDT,67434.24000000,0.00091000,0
1772542802642899000,1772542802815675,1772542802816300,BTCUSDT,67434.25000000,0.00034000,0
1772542802642930800,1772542802815675,1772542802816301,BTCUSDT,67434.26000000,0.00009000,0
1772542802642962300,1772542802815675,1772542802816302,BTCUSDT,67434.34000000,0.00016000,0
1772542802642993300,1772542802815675,1772542802816303,BTCUSDT,67434.48000000,0.00009000,0
1772542802643025500,1772542802815675,1772542802816304,BTCUSDT,67434.51000000,0.00016000,0
1772542802643056400,1772542802815675,1772542802816304,BTCUSDT,67434.52000000,0.00016000,0
1772542802643086700,1772542802815675,1772542802816305,BTCUSDT,67434.54000000,0.00167000,0
1772542802643116900,1772542802815675,1772542802816306,BTCUSDT,67434.60000000,0.00040000,0
1772542802643151600,1772542802815675,1772542802816306,BTCUSDT,67434.99000000,0.00016000,0
1772542803151803700,1772542803324566,1772542803325072,BTCUSDT,67434.99000000,0.00020000,1
1772542803185651400,1772542803358917,1772542803359273,BTCUSDT,67434.99000000,0.00020000,1
1772542803451819200,1772542803624693,1772542803625004,BTCUSDT,67434.99000000,0.00020000,1
1772542803582269400,1772542803755301,1772542803755683,BTCUSDT,67434.99000000,0.00020000,1
1772542803783047600,1772542803956171,1772542803956460,BTCUSDT,67435.00000000,0.00047000,0
1772542803971967200,1772542804145668,1772542804145938,BTCUSDT,67434.99000000,0.00020000,1
1772542804076691200,1772542804249299,1772542804250035,BTCUSDT,67434.99000000,0.00248000,1
1772542804082989000,1772542804254544,1772542804255114,BTCUSDT,67434.99000000,0.00248000,1
1772542804087055300,1772542804258299,1772542804258614,BTCUSDT,67434.99000000,0.00123000,1
1772542804088983600,1772542804261394,1772542804261754,BTCUSDT,67434.99000000,0.00061000,1
1772542804113984000,1772542804286861,1772542804287286,BTCUSDT,67434.99000000,0.00020000,1
1772542804131927700,1772542804304519,1772542804305040,BTCUSDT,67434.99000000,0.63277000,1
1772542804132073200,1772542804304519,1772542804305044,BTCUSDT,67434.92000000,0.00018000,1
1772542804132234200,1772542804306325,1772542804306902,BTCUSDT,67434.60000000,0.00032000,1
1772542804133837200,1772542804306325,1772542804306906,BTCUSDT,67434.38000000,0.00050000,1
1772542804133962800,1772542804306863,1772542804307732,BTCUSDT,67434.31000000,0.00048000,1
1772542804134072500,1772542804306863,1772542804307736,BTCUSDT,67434.24000000,0.00027000,1
1772542804134182400,1772542804306863,1772542804307736,BTCUSDT,67434.23000000,0.00056000,1
1772542804134290900,1772542804306863,1772542804307737,BTCUSDT,67434.22000000,0.00121000,1
1772542804134417700,1772542804306863,1772542804307738,BTCUSDT,67434.21000000,0.00016000,1
1772542804134536100,1772542804306863,1772542804307739,BTCUSDT,67434.20000000,0.00016000,1
1772542804134667300,1772542804306863,1772542804307740,BTCUSDT,67434.12000000,0.00025000,1
1772542804134779300,1772542804306863,1772542804307741,BTCUSDT,67434.11000000,0.00016000,1
1772542804136179100,1772542804309162,1772542804309662,BTCUSDT,67433.99000000,0.00024000,1
1772542804136314300,1772542804309386,1772542804310002,BTCUSDT,67433.99000000,0.00053000,1
1772542804165249100,1772542804337730,1772542804338275,BTCUSDT,67433.63000000,0.00075000,1
1772542804166883700,1772542804340153,1772542804340851,BTCUSDT,67433.63000000,0.00130000,1
1772542804166934900,1772542804340153,1772542804340855,BTCUSDT,67432.97000000,0.00016000,1
1772542804166981300,1772542804340153,1772542804340855,BTCUSDT,67432.96000000,0.00043000,1
1772542804167027700,1772542804340153,1772542804340856,BTCUSDT,67432.69000000,0.00059000,1
1772542804167072000,1772542804340153,1772542804340857,BTCUSDT,67432.50000000,0.00009000,1
1772542804167116500,1772542804340153,1772542804340859,BTCUSDT,67431.76000000,0.00056000,1
1772542804167160000,1772542804340153,1772542804340860,BTCUSDT,67431.60000000,0.00016000,1
1772542804167208700,1772542804340153,1772542804340860,BTCUSDT,67431.29000000,0.00016000,1
1772542804167253800,1772542804340153,1772542804340861,BTCUSDT,67431.28000000,0.00341000,1
1772542804167299100,1772542804340153,1772542804340862,BTCUSDT,67431.26000000,0.00008000,1
1772542804170717300,1772542804344533,1772542804344943,BTCUSDT,67431.00000000,0.00100000,1
1772542804183909100,1772542804357814,1772542804358219,BTCUSDT,67431.01000000,0.00019000,0
1772542804186793800,1772542804360172,1772542804360648,BTCUSDT,67431.00000000,0.00100000,1
1772542804186857600,1772542804360172,1772542804360652,BTCUSDT,67430.99000000,0.00016000,1
1772542804186908400,1772542804360172,1772542804360653,BTCUSDT,67430.88000000,0.00016000,1
1772542804199919200,1772542804370523,1772542804373451,BTCUSDT,67430.85000000,0.00124000,1
1772542804210896400,1772542804384049,1772542804384510,BTCUSDT,67430.84000000,0.00116000,1
1772542804211101000,1772542804384049,1772542804384514,BTCUSDT,67430.83000000,0.00016000,1
1772542804228001400,1772542804401080,1772542804401544,BTCUSDT,67430.32000000,0.00100000,1
1772542804228171700,1772542804401080,1772542804401548,BTCUSDT,67430.31000000,0.00016000,1
1772542804228294300,1772542804401080,1772542804401549,BTCUSDT,67429.31000000,0.00008000,1
1772542804244073800,1772542804415339,1772542804415762,BTCUSDT,67429.31000000,0.00092000,1
1772542804244243500,1772542804415339,1772542804415766,BTCUSDT,67429.30000000,0.00016000,1
1772542804263954800,1772542804437238,1772542804437612,BTCUSDT,67429.26000000,0.00134000,1
1772542804264076200,1772542804437238,1772542804437616,BTCUSDT,67429.25000000,0.00001000,1
1772542804284544600,1772542804457853,1772542804458182,BTCUSDT,67429.26000000,0.00080000,1
1772542804296195600,1772542804469304,1772542804469698,BTCUSDT,67429.26000000,0.00107000,1
1772542804296276000,1772542804469304,1772542804469703,BTCUSDT,67429.25000000,0.00047000,1
1772542804296336500,1772542804469304,1772542804469704,BTCUSDT,67429.19000000,0.00008000,1
1772542804296397400,1772542804469304,1772542804469704,BTCUSDT,67428.88000000,0.00001000,1
1772542804297593700,1772542804470872,1772542804471278,BTCUSDT,67428.88000000,0.00023000,1
1772542804297638500,1772542804470872,1772542804471282,BTCUSDT,67428.79000000,0.00016000,1
1772542804297681300,1772542804470872,1772542804471283,BTCUSDT,67428.64000000,0.00025000,1
1772542804297722300,1772542804470872,1772542804471283,BTCUSDT,67427.93000000,0.00043000,1
1772542804297763500,1772542804470872,1772542804471284,BTCUSDT,67427.92000000,0.00040000,1
1772542804297804000,1772542804470872,1772542804471285,BTCUSDT,67427.84000000,0.00025000,1
1772542804297849500,1772542804470872,1772542804471286,BTCUSDT,67427.77000000,0.00008000,1
1772542804301989500,1772542804475418,1772542804475711,BTCUSDT,67427.76000000,0.03711000,1
1772542804305018900,1772542804477735,1772542804478227,BTCUSDT,67427.76000000,0.06386000,1
1772542804307195200,1772542804479575,1772542804480001,BTCUSDT,67427.76000000,0.00009000,1
1772542804307321700,1772542804479575,1772542804480005,BTCUSDT,67427.75000000,0.00016000,1
1772542804307377000,1772542804479575,1772542804480006,BTCUSDT,67427.64000000,0.00016000,1
1772542804307430100,1772542804479575,1772542804480007,BTCUSDT,67427.62000000,0.00016000,1
1772542804307485300,1772542804479575,1772542804480007,BTCUSDT,67426.90000000,0.00016000,1
1772542804307605300,1772542804479575,1772542804480008,BTCUSDT,67426.55000000,0.00001000,1
1772542804324514500,1772542804497829,1772542804498221,BTCUSDT,67426.55000000,0.00074000,1
1772542804325832000,1772542804499319,1772542804499857,BTCUSDT,67426.55000000,0.00317000,1
1772542804325929400,1772542804499319,1772542804499860,BTCUSDT,67426.54000000,0.00008000,1
1772542804326030000,1772542804499319,1772542804499861,BTCUSDT,67426.10000000,0.00016000,1
1772542804326118400,1772542804499319,1772542804499862,BTCUSDT,67426.02000000,0.00024000,1
1772542804336870300,1772542804509165,1772542804509597,BTCUSDT,67426.02000000,0.00100000,1
1772542804339093300,1772542804511783,1772542804512229,BTCUSDT,67426.02000000,0.00069000,1
1772542804339243300,1772542804511783,1772542804512233,BTCUSDT,67426.01000000,0.00005000,1
1772542804359510200,1772542804530614,1772542804531122,BTCUSDT,67426.02000000,0.00152000,1
1772542804359633500,1772542804530614,1772542804531126,BTCUSDT,67426.01000000,0.00070000,1
1772542804359742000,1772542804530614,1772542804531127,BTCUSDT,67426.00000000,0.00051000,1
1772542804359848400,1772542804530614,1772542804531127,BTCUSDT,67425.99000000,0.00004000,1
1772542804390112200,1772542804562702,1772542804563232,BTCUSDT,67425.99000000,0.00104000,1
1772542804390265800,1772542804562702,1772542804563237,BTCUSDT,67425.98000000,0.00016000,1
1772542804390361700,1772542804562702,1772542804563237,BTCUSDT,67425.93000000,0.00016000,1
1772542804390457400,1772542804562702,1772542804563238,BTCUSDT,67425.80000000,0.00016000,1
1772542804390539000,1772542804562702,1772542804563239,BTCUSDT,67425.76000000,0.00016000,1
1772542804390611100,1772542804562702,1772542804563239,BTCUSDT,67425.72000000,0.00025000,1
1772542804390683500,1772542804562702,1772542804563240,BTCUSDT,67425.44000000,0.00001000,1
1772542804424093400,1772542804597342,1772542804597756,BTCUSDT,67425.44000000,0.00115000,1
1772542804424225100,1772542804597342,1772542804597760,BTCUSDT,67425.43000000,0.00040000,1
1772542804424331600,1772542804597342,1772542804597761,BTCUSDT,67425.28000000,0.00025000,1
1772542804424496600,1772542804597342,1772542804597762,BTCUSDT,67424.88000000,0.00016000,1
1772542804425513300,1772542804598662,1772542804599056,BTCUSDT,67424.58000000,0.00024000,1
1772542804425631200,1772542804598662,1772542804599060,BTCUSDT,67424.54000000,0.00032000,1
1772542804425754600,1772542804598662,1772542804599061,BTCUSDT,67424.43000000,0.00008000,1
1772542804425863900,1772542804598662,1772542804599062,BTCUSDT,67424.42000000,0.00016000,1
1772542804455079400,1772542804628402,1772542804628827,BTCUSDT,67424.24000000,0.00162000,1
1772542804455236400,1772542804628402,1772542804628831,BTCUSDT,67424.23000000,0.00043000,1
1772542804455337500,1772542804628402,1772542804628832,BTCUSDT,67422.80000000,0.00025000,1
1772542804455431700,1772542804628402,1772542804628833,BTCUSDT,67422.72000000,0.00025000,1
1772542804455521100,1772542804628402,1772542804628834,BTCUSDT,67422.55000000,0.00016000,1
1772542804455616800,1772542804628402,1772542804628834,BTCUSDT,67422.54000000,0.00183000,1
1772542804487905200,1772542804661054,1772542804661497,BTCUSDT,67422.54000000,0.00170000,1
1772542804488019800,1772542804661054,1772542804661502,BTCUSDT,67422.53000000,0.00016000,1
1772542804488107800,1772542804661054,1772542804661503,BTCUSDT,67422.27000000,0.00016000,1
1772542804488183700,1772542804661054,1772542804661503,BTCUSDT,67422.10000000,0.00032000,1
1772542804488263400,1772542804661054,1772542804661504,BTCUSDT,67422.09000000,0.00008000,1
1772542804584091500,1772542804756708,1772542804757266,BTCUSDT,67422.09000000,0.00208000,1
1772542804584270300,1772542804756708,1772542804757270,BTCUSDT,67422.08000000,0.00016000,1
1772542804584398700,1772542804756708,1772542804757271,BTCUSDT,67422.01000000,0.00016000,1
1772542804584524400,1772542804756708,1772542804757272,BTCUSDT,67421.86000000,0.00032000,1
1772542804584650700,1772542804756708,1772542804757272,BTCUSDT,67421.83000000,0.00229000,1
1772542804636518400,1772542804808958,1772542804809763,BTCUSDT,67421.83000000,0.00197000,1
1772542804636672900,1772542804808958,1772542804809767,BTCUSDT,67421.82000000,0.00008000,1
1772542804636808800,1772542804808958,1772542804809768,BTCUSDT,67421.76000000,0.00016000,1
1772542804636940800,1772542804808958,1772542804809768,BTCUSDT,67421.24000000,0.00024000,1
1772542804637085300,1772542804808958,1772542804809769,BTCUSDT,67421.16000000,0.00016000,1
1772542804637219500,1772542804808958,1772542804809770,BTCUSDT,67420.82000000,0.00343000,1
1772542804637345100,1772542804808958,1772542804809771,BTCUSDT,67420.16000000,0.00041000,1
1772542804637455300,1772542804808958,1772542804809771,BTCUSDT,67420.08000000,0.00053000,1
1772542804637565500,1772542804808958,1772542804809772,BTCUSDT,67419.88000000,0.00025000,1
1772542804637673600,1772542804808958,1772542804809772,BTCUSDT,67419.54000000,0.00032000,1
1772542804637783100,1772542804808958,1772542804809773,BTCUSDT,67419.37000000,0.00008000,1
1772542804637891700,1772542804808958,1772542804809773,BTCUSDT,67419.34000000,0.00032000,1
1772542804637981400,1772542804808958,1772542804809774,BTCUSDT,67419.19000000,0.00008000,1
1772542804638070900,1772542804808958,1772542804809775,BTCUSDT,67419.18000000,0.00016000,1
1772542804638159700,1772542804808958,1772542804809776,BTCUSDT,67419.17000000,0.00016000,1
1772542804638247900,1772542804808958,1772542804809777,BTCUSDT,67418.08000000,0.00024000,1
1772542804638339400,1772542804808958,1772542804809778,BTCUSDT,67417.90000000,0.00024000,1
1772542804638421200,1772542804808958,1772542804809778,BTCUSDT,67417.48000000,0.00032000,1
1772542804638492600,1772542804808958,1772542804809779,BTCUSDT,67416.30000000,0.00032000,1
1772542804638562900,1772542804808958,1772542804809779,BTCUSDT,67416.27000000,0.00016000,1
1772542804638633300,1772542804808958,1772542804809780,BTCUSDT,67416.26000000,0.00016000,1
1772542804638702800,1772542804808958,1772542804809780,BTCUSDT,67416.00000000,0.00020000,1
1772542804638776900,1772542804808958,1772542804809781,BTCUSDT,67415.97000000,0.00031000,1
1772542804668346500,1772542804841390,1772542804841813,BTCUSDT,67415.80000000,0.00011000,0
1772542804671646100,1772542804844724,1772542804845049,BTCUSDT,67415.79000000,0.03711000,1
1772542804682824200,1772542804856479,1772542804856912,BTCUSDT,67415.79000000,0.00079000,1
1772542804697701300,1772542804871194,1772542804871669,BTCUSDT,67415.79000000,0.00074000,1
1772542804761946500,1772542804934766,1772542804935130,BTCUSDT,67415.79000000,0.00224000,1
1772542804775968400,1772542804949323,1772542804949659,BTCUSDT,67415.80000000,0.04273000,0
1772542804792034500,1772542804965062,1772542804965483,BTCUSDT,67415.80000000,0.57747000,0
1772542804801885900,1772542804974574,1772542804974976,BTCUSDT,67415.80000000,0.03627000,0
1772542805214094100,1772542805386809,1772542805387121,BTCUSDT,67415.80000000,0.00201000,0
1772542805500834700,1772542805674093,1772542805674469,BTCUSDT,67415.80000000,0.00008000,0
1772542805524956300,1772542805698157,1772542805698427,BTCUSDT,67415.79000000,0.00074000,1
1772542805558013700,1772542805730715,1772542805730998,BTCUSDT,67415.80000000,0.00013000,0
1772542805797598900,1772542805968474,1772542805968824,BTCUSDT,67415.79000000,0.00075000,1
1772542806154208200,1772542806327196,1772542806327448,BTCUSDT,67415.79000000,0.00075000,1
1772542806518648500,1772542806690950,1772542806691984,BTCUSDT,67415.79000000,0.00073000,1
1772542806574396000,1772542806731995,1772542806732388,BTCUSDT,67415.79000000,0.00042000,1
1772542806622790300,1772542806796167,1772542806796850,BTCUSDT,67415.79000000,0.00995000,1
1772542806622894800,1772542806796167,1772542806796855,BTCUSDT,67415.78000000,0.00016000,1
1772542806622973600,1772542806796167,1772542806796856,BTCUSDT,67415.57000000,0.00032000,1
1772542806623043600,1772542806796167,1772542806796857,BTCUSDT,67415.30000000,0.00008000,1
1772542806623108600,1772542806796167,1772542806796858,BTCUSDT,67415.16000000,0.00016000,1
1772542806623174600,1772542806796167,1772542806796859,BTCUSDT,67415.04000000,0.00025000,1
1772542806623243500,1772542806796167,1772542806796860,BTCUSDT,67415.03000000,0.00016000,1
1772542806623314200,1772542806796167,1772542806796861,BTCUSDT,67414.76000000,0.00016000,1
1772542806623372600,1772542806796167,1772542806796862,BTCUSDT,67414.75000000,0.00016000,1
1772542806623424200,1772542806796167,1772542806796863,BTCUSDT,67414.68000000,0.00032000,1
1772542806623477000,1772542806796167,1772542806796864,BTCUSDT,67414.62000000,0.00008000,1
1772542806623528800,1772542806796167,1772542806796865,BTCUSDT,67414.56000000,0.00024000,1
1772542806623581200,1772542806796167,1772542806796869,BTCUSDT,67414.43000000,0.00016000,1
1772542806623633600,1772542806796167,1772542806796870,BTCUSDT,67414.24000000,0.00024000,1
1772542806623685400,1772542806796167,1772542806796871,BTCUSDT,67414.10000000,0.00016000,1
1772542806623740700,1772542806796167,1772542806796872,BTCUSDT,67414.04000000,0.00041000,1
1772542806696553800,1772542806868315,1772542806868720,BTCUSDT,67414.00000000,0.00047000,1
1772542806729549000,1772542806887272,1772542806887777,BTCUSDT,67414.01000000,0.00308000,0
1772542806964940200,1772542807138255,1772542807138943,BTCUSDT,67414.00000000,0.01035000,1
1772542806965041800,1772542807138255,1772542807138948,BTCUSDT,67413.99000000,0.00065000,1
1772542806965079200,1772542807138255,1772542807138949,BTCUSDT,67413.94000000,0.00008000,1
1772542806965114100,1772542807138255,1772542807138950,BTCUSDT,67413.06000000,0.00016000,1
1772542806965147400,1772542807139163,1772542807139796,BTCUSDT,67412.89000000,0.00178000,1
1772542806966909700,1772542807140130,1772542807140681,BTCUSDT,67412.89000000,0.00018000,1
1772542806971178900,1772542807144061,1772542807144503,BTCUSDT,67412.89000000,0.00067000,1
1772542806991669100,1772542807164266,1772542807164613,BTCUSDT,67412.89000000,0.00074000,1
1772542807017493500,1772542807190239,1772542807190804,BTCUSDT,67412.89000000,0.00080000,1
1772542807017666400,1772542807190239,1772542807190809,BTCUSDT,67412.88000000,0.00008000,1
1772542807017774600,1772542807190239,1772542807190810,BTCUSDT,67412.82000000,0.00008000,1
1772542807017884700,1772542807190239,1772542807190811,BTCUSDT,67412.41000000,0.00016000,1
1772542807018000000,1772542807190239,1772542807190812,BTCUSDT,67412.00000000,0.00056000,1
1772542807018133100,1772542807190239,1772542807190813,BTCUSDT,67411.44000000,0.00016000,1
1772542807018264300,1772542807190239,1772542807190814,BTCUSDT,67411.32000000,0.00016000,1
1772542807018384700,1772542807190239,1772542807190815,BTCUSDT,67411.23000000,0.00024000,1
1772542807018495500,1772542807190239,1772542807190816,BTCUSDT,67411.22000000,0.00040000,1
1772542807018595800,1772542807190239,1772542807190817,BTCUSDT,67411.21000000,0.00016000,1
1772542807018689900,1772542807190239,1772542807190818,BTCUSDT,67411.07000000,0.00316000,1
1772542807018785100,1772542807190239,1772542807190819,BTCUSDT,67410.72000000,0.00016000,1
1772542807018877300,1772542807190239,1772542807190820,BTCUSDT,67410.40000000,0.00024000,1
1772542807018973800,1772542807190239,1772542807190822,BTCUSDT,67410.37000000,0.00032000,1
1772542807020244000,1772542807191941,1772542807192511,BTCUSDT,67410.33000000,0.02160000,1
1772542807043044000,1772542807215719,1772542807216241,BTCUSDT,67410.33000000,0.00064000,1
1772542807043205700,1772542807215719,1772542807216247,BTCUSDT,67410.32000000,0.00016000,1
1772542807043322100,1772542807215719,1772542807216248,BTCUSDT,67410.00000000,0.00056000,1
1772542807043436200,1772542807215719,1772542807216249,BTCUSDT,67409.92000000,0.00033000,1
1772542807043570200,1772542807215719,1772542807216250,BTCUSDT,67409.91000000,0.00016000,1
1772542807043712800,1772542807215719,1772542807216250,BTCUSDT,67409.82000000,0.00016000,1
1772542807043838200,1772542807215719,1772542807216252,BTCUSDT,67409.05000000,0.00016000,1
1772542807044024500,1772542807215719,1772542807216253,BTCUSDT,67409.03000000,0.00016000,1
1772542807044249100,1772542807215719,1772542807216254,BTCUSDT,67408.87000000,0.00016000,1
1772542807044346000,1772542807215719,1772542807216255,BTCUSDT,67408.56000000,0.00016000,1
1772542807044425800,1772542807216503,1772542807216921,BTCUSDT,67408.25000000,0.00031000,1
1772542807044746500,1772542807216503,1772542807216926,BTCUSDT,67408.22000000,0.00016000,1
1772542807044827300,1772542807216503,1772542807216927,BTCUSDT,67408.20000000,0.00025000,1
1772542807044905700,1772542807216503,1772542807216928,BTCUSDT,67408.00000000,0.00002000,1
1772542807044998600,1772542807217430,1772542807217812,BTCUSDT,67408.00000000,0.00086000,1
1772542807045078300,1772542807217430,1772542807217816,BTCUSDT,67407.88000000,0.00014000,1
1772542807096684900,1772542807269281,1772542807269957,BTCUSDT,67407.88000000,0.00074000,1
1772542807096759500,1772542807269281,1772542807269962,BTCUSDT,67407.87000000,0.00016000,1
1772542807096805600,1772542807269281,1772542807269963,BTCUSDT,67407.82000000,0.00016000,1
1772542807096852600,1772542807269281,1772542807269965,BTCUSDT,67407.68000000,0.00016000,1
1772542807096895200,1772542807269281,1772542807269966,BTCUSDT,67407.36000000,0.00025000,1
1772542807096939100,1772542807269281,1772542807269967,BTCUSDT,67407.34000000,0.00016000,1
1772542807096982700,1772542807269281,1772542807269968,BTCUSDT,67406.58000000,0.00016000,1
1772542807097018900,1772542807269281,1772542807269970,BTCUSDT,67406.56000000,0.00024000,1
1772542807097054800,1772542807269281,1772542807269971,BTCUSDT,67406.35000000,0.00316000,1
1772542807097091100,1772542807269281,1772542807269972,BTCUSDT,67406.11000000,0.00016000,1
1772542807097127500,1772542807269281,1772542807269973,BTCUSDT,67406.10000000,0.00016000,1
1772542807097163500,1772542807269281,1772542807269974,BTCUSDT,67406.08000000,0.00016000,1
1772542807097200100,1772542807269281,1772542807269975,BTCUSDT,67406.00000000,0.00076000,1
1772542807097239200,1772542807269281,1772542807269977,BTCUSDT,67405.65000000,0.00016000,1
1772542807097277900,1772542807269281,1772542807269978,BTCUSDT,67405.57000000,0.00031000,1
1772542807097314200,1772542807269281,1772542807269979,BTCUSDT,67405.28000000,0.00025000,1
1772542807097350000,1772542807269281,1772542807269981,BTCUSDT,67404.96000000,0.00016000,1
1772542807097385400,1772542807269281,1772542807269982,BTCUSDT,67404.80000000,0.00025000,1
1772542807097421200,1772542807269281,1772542807269982,BTCUSDT,67404.54000000,0.00024000,1
1772542807097456600,1772542807269281,1772542807269983,BTCUSDT,67404.00000000,0.00076000,1
1772542807097492000,1772542807269281,1772542807269984,BTCUSDT,67403.99000000,0.00025000,1
1772542807097528000,1772542807269281,1772542807269985,BTCUSDT,67403.96000000,0.00016000,1
1772542807097566100,1772542807269281,1772542807269986,BTCUSDT,67403.89000000,0.00016000,1
1772542807097603000,1772542807269281,1772542807269987,BTCUSDT,67403.87000000,0.00016000,1
1772542807097632900,1772542807269281,1772542807269988,BTCUSDT,67403.69000000,0.00353000,1
1772542807219848400,1772542807393270,1772542807393556,BTCUSDT,67403.34000000,0.00009000,1
1772542807983043300,1772542808156359,1772542808156636,BTCUSDT,67403.35000000,0.00065000,0
1772542808161757100,1772542808334749,1772542808335024,BTCUSDT,67403.35000000,0.00008000,0
1772542808352256500,1772542808524844,1772542808525159,BTCUSDT,67403.34000000,0.03266000,1
1772542808423933700,1772542808597480,1772542808597753,BTCUSDT,67403.35000000,0.00173000,0
1772542808494448500,1772542808665568,1772542808667950,BTCUSDT,67403.34000000,0.01910000,1
1772542808494676300,1772542808665998,1772542808668367,BTCUSDT,67403.34000000,0.03308000,1
1772542808494796900,1772542808666228,1772542808668561,BTCUSDT,67403.34000000,0.00008000,1
1772542808494917900,1772542808666228,1772542808668567,BTCUSDT,67403.33000000,0.00016000,1
1772542808495037600,1772542808666228,1772542808668568,BTCUSDT,67403.21000000,0.00016000,1
1772542808495145300,1772542808666228,1772542808668569,BTCUSDT,67402.72000000,0.00016000,1
1772542808495237500,1772542808666228,1772542808668570,BTCUSDT,67402.71000000,0.00016000,1
1772542808497661900,1772542808669841,1772542808671683,BTCUSDT,67402.36000000,0.00041000,1
1772542808497756000,1772542808669841,1772542808671689,BTCUSDT,67402.31000000,0.00016000,1
1772542808497839700,1772542808669841,1772542808671690,BTCUSDT,67402.30000000,0.00016000,1
1772542808497919200,1772542808669841,1772542808671691,BTCUSDT,67402.27000000,0.00016000,1
1772542808497998700,1772542808669841,1772542808671691,BTCUSDT,67402.24000000,0.00025000,1
1772542808498078100,1772542808669841,1772542808671692,BTCUSDT,67402.17000000,0.00028000,1
1772542808498157300,1772542808669841,1772542808671696,BTCUSDT,67402.00000000,0.00094000,1
1772542808498237900,1772542808669841,1772542808671697,BTCUSDT,67401.84000000,0.00032000,1
1772542808498314800,1772542808669841,1772542808671698,BTCUSDT,67401.72000000,0.00008000,1
1772542808498377200,1772542808669841,1772542808671699,BTCUSDT,67401.63000000,0.00334000,1
1772542808498445400,1772542808669841,1772542808671699,BTCUSDT,67401.49000000,0.00016000,1
1772542808498507500,1772542808669841,1772542808671700,BTCUSDT,67401.28000000,0.00016000,1
1772542808498572000,1772542808669841,1772542808671701,BTCUSDT,67401.20000000,0.00024000,1
1772542808498635100,1772542808669841,1772542808671702,BTCUSDT,67400.99000000,0.00016000,1
1772542808498697500,1772542808669841,1772542808671703,BTCUSDT,67400.86000000,0.00032000,1
1772542808511300000,1772542808685245,1772542808685649,BTCUSDT,67400.69000000,0.00074000,1
1772542808513312400,1772542808686299,1772542808686659,BTCUSDT,67400.70000000,0.00011000,0
1772542808527720900,1772542808699710,1772542808699996,BTCUSDT,67400.69000000,0.00016000,1
1772542808529267500,1772542808703070,1772542808703490,BTCUSDT,67400.69000000,0.00064000,1
1772542808529306400,1772542808703070,1772542808703496,BTCUSDT,67400.68000000,0.00008000,1
1772542808534547000,1772542808707605,1772542808708001,BTCUSDT,67400.58000000,0.00058000,1
1772542808556463000,1772542808728547,1772542808728916,BTCUSDT,67400.58000000,0.00074000,1
1772542808649630400,1772542808823388,1772542808823736,BTCUSDT,67400.58000000,0.00075000,1
1772542808839362500,1772542809011215,1772542809012108,BTCUSDT,67400.58000000,0.00058000,1
1772542808839544400,1772542809011215,1772542809012114,BTCUSDT,67400.57000000,0.00024000,1
1772542808839681800,1772542809011215,1772542809012116,BTCUSDT,67400.52000000,0.00024000,1
1772542808839814500,1772542809011215,1772542809012117,BTCUSDT,67400.51000000,0.00016000,1
1772542808839937800,1772542809011215,1772542809012118,BTCUSDT,67400.31000000,0.00016000,1
1772542808840135900,1772542809011215,1772542809012119,BTCUSDT,67400.22000000,0.00016000,1
1772542808840260400,1772542809011215,1772542809012120,BTCUSDT,67400.00000000,0.00094000,1
1772542808840381300,1772542809011215,1772542809012121,BTCUSDT,67399.68000000,0.00025000,1
1772542808840497900,1772542809011215,1772542809012122,BTCUSDT,67399.48000000,0.00016000,1
1772542808840615900,1772542809011215,1772542809012123,BTCUSDT,67399.47000000,0.00016000,1
1772542808840734000,1772542809011215,1772542809012124,BTCUSDT,67399.44000000,0.00025000,1
1772542808840843300,1772542809011215,1772542809012125,BTCUSDT,67399.40000000,0.00032000,1
1772542808840937500,1772542809011215,1772542809012126,BTCUSDT,67399.00000000,0.00008000,1
1772542808841041500,1772542809011215,1772542809012127,BTCUSDT,67398.89000000,0.00016000,1
1772542808841136200,1772542809011215,1772542809012128,BTCUSDT,67398.73000000,0.00016000,1
1772542808841235500,1772542809011215,1772542809012129,BTCUSDT,67398.50000000,0.00174000,1
1772542808841342100,1772542809011215,1772542809012130,BTCUSDT,67398.48000000,0.00016000,1
1772542808841445500,1772542809011215,1772542809012130,BTCUSDT,67398.39000000,0.00016000,1
1772542808841537700,1772542809011215,1772542809012131,BTCUSDT,67398.26000000,0.00032000,1
1772542808841616600,1772542809011215,1772542809012132,BTCUSDT,67398.19000000,0.00008000,1
1772542808841693900,1772542809011215,1772542809012133,BTCUSDT,67398.18000000,0.00016000,1
1772542808841769300,1772542809011215,1772542809012134,BTCUSDT,67398.00000000,0.00076000,1
1772542808841832800,1772542809011215,1772542809012136,BTCUSDT,67397.94000000,0.00016000,1
1772542808841894200,1772542809011215,1772542809012137,BTCUSDT,67397.86000000,0.00040000,1
1772542808841957100,1772542809011215,1772542809012138,BTCUSDT,67397.61000000,0.00021000,1
1772542808842007400,1772542809011215,1772542809012139,BTCUSDT,67397.29000000,0.00091000,1
1772542808842054800,1772542809011215,1772542809012139,BTCUSDT,67397.20000000,0.00016000,1
1772542808842100900,1772542809011215,1772542809012140,BTCUSDT,67397.12000000,0.00025000,1
1772542808842147000,1772542809011215,1772542809012141,BTCUSDT,67397.09000000,0.00031000,1
1772542808842192700,1772542809011215,1772542809012141,BTCUSDT,67396.52000000,0.00025000,1
1772542808842237300,1772542809011215,1772542809012142,BTCUSDT,67396.05000000,0.00016000,1
1772542808842282500,1772542809011215,1772542809012142,BTCUSDT,67396.00000000,0.00076000,1
1772542808842327300,1772542809011215,1772542809012143,BTCUSDT,67395.89000000,0.00242000,1
1772542808842372800,1772542809011215,1772542809012144,BTCUSDT,67395.51000000,0.00016000,1
1772542808842417800,1772542809011215,1772542809012145,BTCUSDT,67395.47000000,0.00028000,1
1772542808842463500,1772542809011215,1772542809012145,BTCUSDT,67395.28000000,0.00031000,1
1772542808842501500,1772542809011215,1772542809012146,BTCUSDT,67395.22000000,0.00024000,1
1772542808842536300,1772542809011215,1772542809012147,BTCUSDT,67395.03000000,0.00024000,1
1772542808842571500,1772542809011215,1772542809012147,BTCUSDT,67394.90000000,0.00028000,1
1772542808842609300,1772542809011215,1772542809012148,BTCUSDT,67394.56000000,0.00009000,1
1772542809495495800,1772542809669034,1772542809669339,BTCUSDT,67394.53000000,0.00015000,1
1772542809600702500,1772542809773970,1772542809774441,BTCUSDT,67394.54000000,0.00026000,0
1772542809745739200,1772542809918769,1772542809919371,BTCUSDT,67394.54000000,0.00465000,0
1772542809745906800,1772542809918769,1772542809919376,BTCUSDT,67394.55000000,0.00067000,0
1772542809746021300,1772542809918769,1772542809919377,BTCUSDT,67394.56000000,0.00051000,0
1772542809746130300,1772542809918769,1772542809919378,BTCUSDT,67394.57000000,0.00006000,0
1772542809775770800,1772542809948565,1772542809949196,BTCUSDT,67394.57000000,0.00169000,0
1772542809775828000,1772542809948565,1772542809949201,BTCUSDT,67394.58000000,0.00008000,0
1772542809775861400,1772542809948565,1772542809949202,BTCUSDT,67395.44000000,0.00008000,0
1772542809775893200,1772542809948565,1772542809949203,BTCUSDT,67397.32000000,0.00008000,0
1772542809775923600,1772542809948565,1772542809949204,BTCUSDT,67397.33000000,0.00024000,0
1772542809775954200,1772542809948565,1772542809949204,BTCUSDT,67397.63000000,0.00016000,0
1772542809775984600,1772542809948565,1772542809949205,BTCUSDT,67397.85000000,0.00016000,0
1772542809776015100,1772542809948565,1772542809949206,BTCUSDT,67397.86000000,0.00032000,0
1772542809776049900,1772542809948565,1772542809949208,BTCUSDT,67397.87000000,0.00016000,0
1772542809776082500,1772542809948565,1772542809949212,BTCUSDT,67398.89000000,0.00016000,0
1772542809776114300,1772542809948565,1772542809949213,BTCUSDT,67399.20000000,0.02030000,0
1772542809776146800,1772542809948565,1772542809949213,BTCUSDT,67399.26000000,0.00343000,0
1772542809776177600,1772542809948565,1772542809949214,BTCUSDT,67399.68000000,0.00025000,0
1772542809776208400,1772542809948565,1772542809949215,BTCUSDT,67400.30000000,0.00040000,0
1772542809776238400,1772542809948565,1772542809949216,BTCUSDT,67400.43000000,0.00058000,0
1772542809776268400,1772542809948565,1772542809949217,BTCUSDT,67400.56000000,0.00032000,0
1772542809776301600,1772542809948565,1772542809949218,BTCUSDT,67400.57000000,0.00438000,0
1772542809854502700,1772542810028173,1772542810028531,BTCUSDT,67400.57000000,0.00028000,0
1772542810108284800,1772542810282150,1772542810282652,BTCUSDT,67400.56000000,0.01420000,1
1772542810130718600,1772542810304646,1772542810304915,BTCUSDT,67400.57000000,0.00063000,0
1772542810243457300,1772542810415578,1772542810416250,BTCUSDT,67400.57000000,0.00241000,0
1772542810243630800,1772542810415578,1772542810416256,BTCUSDT,67400.58000000,0.00083000,0
1772542810243744000,1772542810415578,1772542810416257,BTCUSDT,67400.59000000,0.00059000,0
1772542810243885700,1772542810415578,1772542810416257,BTCUSDT,67400.60000000,0.00173000,0
1772542810244040300,1772542810415578,1772542810416258,BTCUSDT,67401.20000000,0.00024000,0
1772542810244165500,1772542810415578,1772542810416259,BTCUSDT,67401.26000000,0.00016000,0
1772542810244275400,1772542810415578,1772542810416260,BTCUSDT,67401.27000000,0.00024000,0
1772542810244383200,1772542810415578,1772542810416261,BTCUSDT,67401.28000000,0.00016000,0
1772542810244483900,1772542810415578,1772542810416262,BTCUSDT,67401.62000000,0.00016000,0
1772542810244585200,1772542810415578,1772542810416263,BTCUSDT,67401.71000000,0.00008000,0
1772542810244680700,1772542810415578,1772542810416264,BTCUSDT,67402.36000000,0.00025000,0
1772542810244759200,1772542810415578,1772542810416265,BTCUSDT,67402.80000000,0.00008000,0
1772542810244844000,1772542810415578,1772542810416266,BTCUSDT,67402.81000000,0.00016000,0
1772542810244927600,1772542810415578,1772542810416267,BTCUSDT,67402.95000000,0.00016000,0
1772542810245009300,1772542810415578,1772542810416268,BTCUSDT,67403.00000000,0.00016000,0
1772542810570774000,1772542810730854,1772542810731219,BTCUSDT,67403.35000000,0.00047000,0
1772542810785146300,1772542810950914,1772542810951259,BTCUSDT,67403.35000000,0.00013000,0
1772542810813771100,1772542810987615,1772542810987934,BTCUSDT,67403.35000000,0.00017000,0
1772542811092414200,1772542811266495,1772542811266831,BTCUSDT,67403.34000000,0.00074000,1
1772542811093532100,1772542811267465,1772542811267763,BTCUSDT,67403.34000000,0.00100000,1
1772542811615587500,1772542811788789,1772542811789148,BTCUSDT,67403.34000000,0.00026000,1
1772542811618605300,1772542811791006,1772542811791262,BTCUSDT,67403.34000000,0.00100000,1
1772542811667970700,1772542811841218,1772542811841503,BTCUSDT,67403.34000000,0.00150000,1
1772542811739560000,1772542811913504,1772542811913805,BTCUSDT,67403.35000000,0.00010000,0
1772542811863546000,1772542812037556,1772542812037860,BTCUSDT,67403.35000000,0.00076000,0
1772542812103789800,1772542812276696,1772542812277082,BTCUSDT,67403.34000000,0.00074000,1
1772542812105308000,1772542812279377,1772542812279639,BTCUSDT,67403.34000000,0.00100000,1
1772542812508115800,1772542812681115,1772542812681408,BTCUSDT,67403.34000000,0.36348000,1
1772542812611781200,1772542812785172,1772542812785439,BTCUSDT,67403.34000000,0.00074000,1
1772542812796406400,1772542812969980,1772542812970368,BTCUSDT,67403.35000000,0.00018000,0
1772542813111757300,1772542813283122,1772542813283397,BTCUSDT,67403.34000000,0.00074000,1
1772542813127480000,1772542813301205,1772542813301667,BTCUSDT,67403.34000000,0.00074000,1
1772542813512704800,1772542813686171,1772542813686435,BTCUSDT,67403.34000000,0.00191000,1
1772542813629794900,1772542813802698,1772542813803021,BTCUSDT,67403.34000000,0.00075000,1
1772542813631610900,1772542813805158,1772542813805449,BTCUSDT,67403.34000000,0.00100000,1
1772542813638570600,1772542813811951,1772542813812240,BTCUSDT,67403.35000000,0.00087000,0
1772542813754462000,1772542813928391,1772542813928780,BTCUSDT,67403.35000000,0.00235000,0
1772542813860273200,1772542814034376,1772542814034637,BTCUSDT,67403.35000000,0.00037000,0
1772542814130827900,1772542814303796,1772542814304081,BTCUSDT,67403.35000000,0.00178000,0
1772542814133797400,1772542814307033,1772542814307330,BTCUSDT,67403.34000000,0.00074000,1
1772542814137909000,1772542814310740,1772542814311027,BTCUSDT,67403.34000000,0.00100000,1
1772542814223525300,1772542814397300,1772542814397671,BTCUSDT,67403.35000000,0.00009000,0
1772542814284560200,1772542814458330,1772542814458926,BTCUSDT,67403.34000000,0.01102000,1
1772542814285622800,1772542814458330,1772542814458930,BTCUSDT,67403.33000000,0.00074000,1
1772542814285738800,1772542814458330,1772542814458931,BTCUSDT,67403.08000000,0.00008000,1
1772542814285935000,1772542814458330,1772542814458932,BTCUSDT,67402.35000000,0.00050000,1
1772542814286097200,1772542814458330,1772542814458932,BTCUSDT,67402.29000000,0.00032000,1
1772542814372434400,1772542814546008,1772542814546532,BTCUSDT,67402.28000000,0.00107000,1
1772542814424572600,1772542814597878,1772542814598529,BTCUSDT,67402.27000000,0.00178000,1
1772542814424632800,1772542814597878,1772542814598533,BTCUSDT,67402.26000000,0.00040000,1
1772542814424666800,1772542814597878,1772542814598536,BTCUSDT,67402.21000000,0.00008000,1
1772542814424698300,1772542814597878,1772542814598537,BTCUSDT,67401.72000000,0.00016000,1
1772542814424728700,1772542814597878,1772542814598538,BTCUSDT,67401.20000000,0.00040000,1
1772542814424763000,1772542814597878,1772542814598539,BTCUSDT,67400.58000000,0.00016000,1
1772542814424793200,1772542814597878,1772542814598540,BTCUSDT,67400.57000000,0.00056000,1
1772542814424823300,1772542814597878,1772542814598540,BTCUSDT,67400.56000000,0.00072000,1
1772542814424853900,1772542814597878,1772542814598541,BTCUSDT,67400.36000000,0.00024000,1
1772542814424884600,1772542814597878,1772542814598542,BTCUSDT,67400.17000000,0.00357000,1
1772542814424914600,1772542814597878,1772542814598542,BTCUSDT,67400.15000000,0.00016000,1
1772542814424945700,1772542814597878,1772542814598543,BTCUSDT,67400.14000000,0.00016000,1
1772542814424975400,1772542814597878,1772542814598544,BTCUSDT,67400.10000000,0.00032000,1
1772542814425005300,1772542814597878,1772542814598544,BTCUSDT,67399.85000000,0.00463000,1
1772542814425035000,1772542814597878,1772542814598545,BTCUSDT,67399.25000000,0.00016000,1
1772542814425065000,1772542814597878,1772542814598546,BTCUSDT,67399.24000000,0.00016000,1
1772542814425097700,1772542814597878,1772542814598546,BTCUSDT,67398.89000000,0.00032000,1
1772542814727077000,1772542814889286,1772542814889837,BTCUSDT,67398.62000000,0.00479000,1
1772542814727173900,1772542814889286,1772542814889841,BTCUSDT,67398.61000000,0.00042000,1
1772542814727236700,1772542814889286,1772542814889843,BTCUSDT,67398.48000000,0.00016000,1
1772542814727295800,1772542814889286,1772542814889843,BTCUSDT,67397.86000000,0.00024000,1
1772542814727353100,1772542814889286,1772542814889844,BTCUSDT,67397.64000000,0.00016000,1
1772542814727413000,1772542814889286,1772542814889844,BTCUSDT,67397.56000000,0.00016000,1
1772542814727503500,1772542814896561,1772542814897037,BTCUSDT,67397.55000000,0.00643000,1
1772542814751424600,1772542814924759,1772542814925168,BTCUSDT,67397.54000000,0.00114000,1
1772542814770525800,1772542814943547,1772542814944007,BTCUSDT,67397.53000000,0.00074000,1
1772542814777365500,1772542814950510,1772542814951013,BTCUSDT,67397.54000000,0.03553000,0
1772542814799434700,1772542814972808,1772542814973376,BTCUSDT,67397.53000000,0.00082000,1
1772542814802555400,1772542814976066,1772542814976549,BTCUSDT,67397.52000000,0.00082000,1
1772542814802760200,1772542814976066,1772542814976554,BTCUSDT,67397.51000000,0.00008000,1
1772542814802884300,1772542814976066,1772542814976554,BTCUSDT,67397.20000000,0.00032000,1
1772542814803000800,1772542814976066,1772542814976555,BTCUSDT,67397.12000000,0.00009000,1
1772542814803115600,1772542814976066,1772542814976555,BTCUSDT,67396.86000000,0.00032000,1
1772542814821194300,1772542814992135,1772542814992429,BTCUSDT,67396.53000000,0.00011000,0
1772542814855914700,1772542815028239,1772542815029016,BTCUSDT,67396.52000000,0.00099000,1
1772542814855980200,1772542815028239,1772542815029020,BTCUSDT,67396.51000000,0.00008000,1
1772542814856014300,1772542815028239,1772542815029021,BTCUSDT,67396.29000000,0.00008000,1
1772542814856052300,1772542815028239,1772542815029022,BTCUSDT,67395.51000000,0.00016000,1
1772542814856082900,1772542815028239,1772542815029023,BTCUSDT,67395.24000000,0.00032000,1
1772542814856113800,1772542815028239,1772542815029024,BTCUSDT,67395.22000000,0.00008000,1
1772542814856144200,1772542815028239,1772542815029024,BTCUSDT,67395.21000000,0.00016000,1
1772542814856174700,1772542815028239,1772542815029025,BTCUSDT,67395.03000000,0.00058000,1
1772542814856205300,1772542815028239,1772542815029026,BTCUSDT,67394.93000000,0.00008000,1
1772542814856235500,1772542815028239,1772542815029026,BTCUSDT,67394.89000000,0.00016000,1
1772542814856266400,1772542815028239,1772542815029027,BTCUSDT,67394.56000000,0.00025000,1
1772542814856297000,1772542815028239,1772542815029027,BTCUSDT,67394.55000000,0.00016000,1
1772542814856326100,1772542815028239,1772542815029028,BTCUSDT,67394.52000000,0.00024000,1
1772542814856358800,1772542815028239,1772542815029030,BTCUSDT,67394.51000000,0.00016000,1
1772542814856388900,1772542815028239,1772542815029031,BTCUSDT,67394.34000000,0.00016000,1
1772542814856419500,1772542815028239,1772542815029031,BTCUSDT,67394.00000000,0.00094000,1
1772542814856449700,1772542815028239,1772542815029032,BTCUSDT,67393.90000000,0.00325000,1
1772542814856479900,1772542815028239,1772542815029033,BTCUSDT,67393.82000000,0.00016000,1
1772542814856510700,1772542815028239,1772542815029034,BTCUSDT,67393.62000000,0.00016000,1
1772542814856540600,1772542815028239,1772542815029035,BTCUSDT,67393.60000000,0.00041000,1
1772542814856570600,1772542815028239,1772542815029035,BTCUSDT,67393.30000000,0.00008000,1
1772542814856600500,1772542815028239,1772542815029036,BTCUSDT,67393.29000000,0.00016000,1
1772542814856631800,1772542815028239,1772542815029037,BTCUSDT,67393.24000000,0.00016000,1
1772542814856661700,1772542815028239,1772542815029037,BTCUSDT,67393.02000000,0.00016000,1
1772542814856693400,1772542815028239,1772542815029038,BTCUSDT,67392.93000000,0.00024000,1
1772542814856723500,1772542815028239,1772542815029039,BTCUSDT,67392.92000000,0.00016000,1
1772542814856753400,1772542815028239,1772542815029039,BTCUSDT,67392.36000000,0.00016000,1
1772542814856784000,1772542815028239,1772542815029040,BTCUSDT,67392.15000000,0.00031000,1
1772542814856814400,1772542815028239,1772542815029041,BTCUSDT,67392.00000000,0.00085000,1
1772542814856844800,1772542815028239,1772542815029041,BTCUSDT,67391.89000000,0.00016000,1
1772542814856875200,1772542815028239,1772542815029042,BTCUSDT,67391.88000000,0.00016000,1
1772542814856905400,1772542815028239,1772542815029043,BTCUSDT,67391.60000000,0.00042000,1
1772542814856935400,1772542815028239,1772542815029043,BTCUSDT,67391.54000000,0.00025000,1
1772542814856965400,1772542815028239,1772542815029044,BTCUSDT,67391.19000000,0.00024000,1
1772542814856995100,1772542815028239,1772542815029045,BTCUSDT,67391.18000000,0.00024000,1
1772542814857028200,1772542815028239,1772542815029046,BTCUSDT,67391.16000000,0.00031000,1
1772542814857424000,1772542815030399,1772542815031028,BTCUSDT,67391.04000000,0.00009000,1
1772542814939317900,1772542815112903,1772542815113183,BTCUSDT,67391.05000000,0.00011000,0
1772542815009166300,1772542815181461,1772542815181807,BTCUSDT,67391.05000000,0.00041000,0
1772542815294924700,1772542815467209,1772542815468115,BTCUSDT,67391.05000000,0.00420000,0
1772542815295086900,1772542815467209,1772542815468119,BTCUSDT,67391.06000000,0.00024000,0
1772542815295218400,1772542815467209,1772542815468120,BTCUSDT,67391.18000000,0.00040000,0
1772542815295329900,1772542815467209,1772542815468120,BTCUSDT,67391.99000000,0.00008000,0
1772542815295460600,1772542815467209,1772542815468121,BTCUSDT,67392.00000000,0.00043000,0
1772542815295589200,1772542815467209,1772542815468122,BTCUSDT,67392.13000000,0.00027000,0
1772542815295718400,1772542815467209,1772542815468123,BTCUSDT,67392.16000000,0.00073000,0
1772542815295838500,1772542815467209,1772542815468124,BTCUSDT,67392.83000000,0.00008000,0
1772542815295949900,1772542815467209,1772542815468125,BTCUSDT,67392.84000000,0.00024000,0
1772542815296054800,1772542815467209,1772542815468126,BTCUSDT,67392.85000000,0.00016000,0
1772542815296157100,1772542815467209,1772542815468126,BTCUSDT,67393.62000000,0.00016000,0
1772542815296260400,1772542815467209,1772542815468127,BTCUSDT,67393.82000000,0.00032000,0
1772542815296364600,1772542815467209,1772542815468128,BTCUSDT,67394.14000000,0.00008000,0
1772542815296466500,1772542815467209,1772542815468129,BTCUSDT,67394.15000000,0.00025000,0
1772542815296567200,1772542815467209,1772542815468129,BTCUSDT,67394.52000000,0.00024000,0
1772542815296661100,1772542815467209,1772542815468130,BTCUSDT,67395.52000000,0.00016000,0
1772542815296742800,1772542815467209,1772542815468131,BTCUSDT,67395.77000000,0.00316000,0
1772542815296822200,1772542815467209,1772542815468131,BTCUSDT,67396.49000000,0.00149000,0
1772542815296901700,1772542815467209,1772542815468132,BTCUSDT,67396.51000000,0.00008000,0
1772542815296981500,1772542815467209,1772542815468133,BTCUSDT,67396.52000000,0.00016000,0
1772542815297061100,1772542815467209,1772542815468133,BTCUSDT,67396.53000000,0.00013000,0
1772542815297136800,1772542815467209,1772542815468134,BTCUSDT,67397.12000000,0.00009000,0
1772542815297197800,1772542815467209,1772542815468134,BTCUSDT,67397.24000000,0.00016000,0
1772542815297264400,1772542815467209,1772542815468135,BTCUSDT,67397.50000000,0.00008000,0
1772542815390658400,1772542815564336,1772542815564678,BTCUSDT,67397.51000000,0.00331000,0
1772542815921479300,1772542816095139,1772542816095674,BTCUSDT,67397.50000000,0.00047000,1
1772542816082645000,1772542816254868,1772542816255147,BTCUSDT,67397.50000000,0.00180000,1
1772542817128538700,1772542817301592,1772542817301904,BTCUSDT,67397.50000000,0.02065000,1
1772542817254248600,1772542817426489,1772542817426762,BTCUSDT,67397.51000000,0.04895000,0
1772542817295440200,1772542817468982,1772542817469383,BTCUSDT,67397.50000000,0.20954000,1
1772542817295640100,1772542817469664,1772542817470110,BTCUSDT,67397.50000000,0.08974000,1
1772542817295760700,1772542817469948,1772542817470608,BTCUSDT,67397.50000000,0.06250000,1
1772542817295871900,1772542817469948,1772542817470612,BTCUSDT,67397.49000000,0.00016000,1
1772542817297276000,1772542817470852,1772542817471397,BTCUSDT,67397.20000000,0.00043000,1
1772542817297413100,1772542817470852,1772542817471401,BTCUSDT,67396.86000000,0.00043000,1
1772542817297523700,1772542817470852,1772542817471402,BTCUSDT,67396.31000000,0.03054000,1
1772542817297634400,1772542817471041,1772542817471733,BTCUSDT,67396.31000000,0.01946000,1
1772542817297737300,1772542817471041,1772542817471737,BTCUSDT,67395.51000000,0.00025000,1
1772542817297838200,1772542817471041,1772542817471738,BTCUSDT,67395.24000000,0.00057000,1
1772542817297949600,1772542817471041,1772542817471739,BTCUSDT,67395.03000000,0.00008000,1
1772542817298043500,1772542817471041,1772542817471739,BTCUSDT,67395.02000000,0.01104000,1
1772542817300823100,1772542817473246,1772542817474270,BTCUSDT,67395.02000000,0.01392000,1
1772542817300983000,1772542817473246,1772542817474275,BTCUSDT,67394.62000000,0.00016000,1
1772542817301104600,1772542817473246,1772542817474276,BTCUSDT,67394.61000000,0.00016000,1
1772542817301217100,1772542817473246,1772542817474277,BTCUSDT,67394.60000000,0.00016000,1
1772542817301331500,1772542817473246,1772542817474277,BTCUSDT,67394.52000000,0.00024000,1
1772542817302547500,1772542817474451,1772542817476057,BTCUSDT,67393.82000000,0.00059000,1
1772542817302649600,1772542817474451,1772542817476061,BTCUSDT,67393.62000000,0.00259000,1
1772542817302747500,1772542817474451,1772542817476061,BTCUSDT,67392.78000000,0.00309000,1
1772542817302838800,1772542817474451,1772542817476062,BTCUSDT,67392.13000000,0.00225000,1
1772542817302927400,1772542817474451,1772542817476063,BTCUSDT,67392.00000000,0.00225000,1
1772542817303015200,1772542817474451,1772542817476063,BTCUSDT,67391.19000000,0.00024000,1
1772542817303094700,1772542817474451,1772542817476064,BTCUSDT,67391.18000000,0.00040000,1
1772542817303162100,1772542817474451,1772542817476065,BTCUSDT,67391.06000000,0.00016000,1
1772542817303234200,1772542817474451,1772542817476065,BTCUSDT,67391.05000000,0.00032000,1
1772542817303301200,1772542817474451,1772542817476066,BTCUSDT,67391.04000000,0.00554000,1
1772542817303369400,1772542817474451,1772542817476067,BTCUSDT,67390.68000000,0.00041000,1
1772542817303447100,1772542817474451,1772542817476067,BTCUSDT,67390.44000000,0.00216000,1
1772542817303512700,1772542817474451,1772542817476068,BTCUSDT,67390.38000000,0.00200000,1
1772542817303568300,1772542817474451,1772542817476069,BTCUSDT,67390.33000000,0.00032000,1
1772542817303623800,1772542817474451,1772542817476069,BTCUSDT,67390.32000000,0.01480000,1
1772542817309075300,1772542817481874,1772542817483484,BTCUSDT,67390.32000000,0.02848000,1
1772542817309144000,1772542817481874,1772542817483488,BTCUSDT,67390.31000000,0.00027000,1
1772542817309208900,1772542817481874,1772542817483489,BTCUSDT,67390.30000000,0.00027000,1
1772542817309272400,1772542817481874,1772542817483489,BTCUSDT,67390.29000000,0.00025000,1
1772542817309337300,1772542817481874,1772542817483490,BTCUSDT,67390.28000000,0.00009000,1
1772542817312974100,1772542817486283,1772542817487907,BTCUSDT,67390.00000000,0.00219000,1
1772542817314678800,1772542817486283,1772542817487911,BTCUSDT,67389.99000000,0.00035000,1
1772542817314744300,1772542817486283,1772542817487912,BTCUSDT,67389.98000000,0.00027000,1
1772542817314805200,1772542817486283,1772542817487912,BTCUSDT,67389.97000000,0.00009000,1
1772542817314870700,1772542817486283,1772542817487913,BTCUSDT,67389.96000000,0.00009000,1
1772542817314931900,1772542817486283,1772542817487914,BTCUSDT,67389.44000000,0.00073000,1
1772542817314985600,1772542817486283,1772542817487914,BTCUSDT,67389.42000000,0.00016000,1
1772542817315040000,1772542817486283,1772542817487915,BTCUSDT,67389.41000000,0.00016000,1
1772542817315094200,1772542817486283,1772542817487915,BTCUSDT,67389.09000000,0.00016000,1
1772542817315154000,1772542817486283,1772542817487916,BTCUSDT,67388.87000000,0.00016000,1
1772542817315208900,1772542817486283,1772542817487916,BTCUSDT,67388.77000000,0.00028000,1
1772542817315263300,1772542817486283,1772542817487917,BTCUSDT,67388.76000000,0.00216000,1
1772542817315316700,1772542817486283,1772542817487918,BTCUSDT,67388.75000000,0.00216000,1
1772542817315368800,1772542817486283,1772542817487918,BTCUSDT,67388.62000000,0.00064000,1
1772542817315426200,1772542817486283,1772542817487919,BTCUSDT,67388.21000000,0.00008000,1
1772542817315500900,1772542817486283,1772542817487919,BTCUSDT,67388.20000000,0.00016000,1
1772542817315576100,1772542817486283,1772542817487920,BTCUSDT,67388.18000000,0.00016000,1
1772542817317074800,1772542817490016,1772542817491492,BTCUSDT,67388.18000000,0.00074000,1
1772542817441649400,1772542817615357,1772542817615805,BTCUSDT,67388.18000000,0.00074000,1
1772542817502246900,1772542817675908,1772542817676214,BTCUSDT,67388.19000000,0.00008000,0
1772542817560508400,1772542817733907,1772542817734655,BTCUSDT,67388.18000000,0.00247000,1
1772542817560569800,1772542817733907,1772542817734660,BTCUSDT,67388.17000000,0.00067000,1
1772542817560603800,1772542817733907,1772542817734660,BTCUSDT,67388.16000000,0.00027000,1
1772542817560633700,1772542817733907,1772542817734661,BTCUSDT,67388.00000000,0.00085000,1
1772542817560667200,1772542817733907,1772542817734662,BTCUSDT,67387.84000000,0.00024000,1
1772542817560697200,1772542817733907,1772542817734662,BTCUSDT,67387.76000000,0.00025000,1
1772542817560726500,1772542817733907,1772542817734663,BTCUSDT,67387.40000000,0.00016000,1
1772542817560756600,1772542817733907,1772542817734664,BTCUSDT,67387.35000000,0.00024000,1
1772542817560788000,1772542817733907,1772542817734665,BTCUSDT,67387.06000000,0.00016000,1
1772542817560817600,1772542817733907,1772542817734666,BTCUSDT,67386.88000000,0.00066000,1
1772542817560861000,1772542817733907,1772542817734666,BTCUSDT,67386.74000000,0.00016000,1
1772542817891580500,1772542818065528,1772542818065805,BTCUSDT,67386.73000000,0.00237000,1
1772542817965454100,1772542818139505,1772542818139864,BTCUSDT,67386.74000000,0.00816000,0
1772542817973956000,1772542818147242,1772542818147531,BTCUSDT,67386.74000000,0.00011000,0
1772542818522830000,1772542818695874,1772542818696144,BTCUSDT,67386.74000000,0.00047000,0
1772542818691453300,1772542818864922,1772542818865217,BTCUSDT,67386.73000000,0.01768000,1
1772542818699708300,1772542818872499,1772542818872766,BTCUSDT,67386.74000000,0.00066000,0
1772542818903518700,1772542819077570,1772542819077831,BTCUSDT,67386.73000000,0.00015000,1
1772542819114805600,1772542819287804,1772542819288234,BTCUSDT,67386.74000000,0.00075000,0
1772542819574321200,1772542819747709,1772542819748084,BTCUSDT,67386.74000000,0.00011000,0
1772542819650211400,1772542819824505,1772542819824870,BTCUSDT,67386.74000000,0.00016000,0
1772542819672330900,1772542819845891,1772542819846168,BTCUSDT,67386.73000000,0.00007000,1
1772542819781080400,1772542819954676,1772542819954929,BTCUSDT,67386.74000000,0.03984000,0
1772542820008451300,1772542820182033,1772542820182396,BTCUSDT,67386.74000000,0.00861000,0
1772542820008528300,1772542820182099,1772542820182489,BTCUSDT,67386.74000000,0.28400000,0
1772542820008583800,1772542820182173,1772542820182829,BTCUSDT,67386.74000000,0.18495000,0
1772542820008626400,1772542820182173,1772542820182833,BTCUSDT,67386.75000000,0.00041000,0
1772542820008666900,1772542820182173,1772542820182834,BTCUSDT,67387.45000000,0.00016000,0
1772542820008708200,1772542820182173,1772542820182834,BTCUSDT,67387.84000000,0.00024000,0
1772542820008752100,1772542820182173,1772542820182835,BTCUSDT,67388.19000000,0.00088000,0
1772542820015435900,1772542820187902,1772542820189639,BTCUSDT,67389.41000000,0.00213000,0
1772542820015498700,1772542820187902,1772542820189643,BTCUSDT,67389.42000000,0.00048000,0
1772542820015543900,1772542820187902,1772542820189644,BTCUSDT,67390.10000000,0.00008000,0
1772542820015589900,1772542820187902,1772542820189644,BTCUSDT,67390.11000000,0.00032000,0
1772542820015632400,1772542820187902,1772542820189645,BTCUSDT,67390.15000000,0.00016000,0
1772542820070089700,1772542820240894,1772542820241603,BTCUSDT,67390.16000000,0.00184000,0
1772542820070181600,1772542820240894,1772542820241607,BTCUSDT,67390.17000000,0.00051000,0
1772542820070238900,1772542820240894,1772542820241607,BTCUSDT,67390.27000000,0.00016000,0
1772542820070294000,1772542820240894,1772542820241608,BTCUSDT,67390.32000000,0.00016000,0
1772542820070347500,1772542820240894,1772542820241609,BTCUSDT,67390.33000000,0.00016000,0
1772542820070448500,1772542820240894,1772542820241609,BTCUSDT,67390.34000000,0.00016000,0
1772542820070488500,1772542820240894,1772542820241610,BTCUSDT,67390.44000000,0.00032000,0
1772542820070521000,1772542820240894,1772542820241611,BTCUSDT,67390.92000000,0.00008000,0
1772542820070552800,1772542820240894,1772542820241611,BTCUSDT,67390.94000000,0.00024000,0
1772542820070588100,1772542820240894,1772542820241612,BTCUSDT,67391.05000000,0.00016000,0
1772542820070619000,1772542820240894,1772542820241613,BTCUSDT,67391.08000000,0.00016000,0
1772542820070649800,1772542820240894,1772542820241614,BTCUSDT,67391.18000000,0.00024000,0
1772542820070680400,1772542820240894,1772542820241615,BTCUSDT,67391.19000000,0.00032000,0
1772542820070710700,1772542820240894,1772542820241616,BTCUSDT,67391.46000000,0.00327000,0
1772542820070740300,1772542820240894,1772542820241616,BTCUSDT,67392.00000000,0.00025000,0
1772542820070770800,1772542820240894,1772542820241617,BTCUSDT,67392.19000000,0.00016000,0
1772542820070801300,1772542820240894,1772542820241618,BTCUSDT,67392.72000000,0.00016000,0
1772542820070831700,1772542820240894,1772542820241619,BTCUSDT,67393.36000000,0.00016000,0
1772542820070861500,1772542820240894,1772542820241619,BTCUSDT,67393.60000000,0.00025000,0
1772542820070891700,1772542820240894,1772542820241621,BTCUSDT,67393.64000000,0.00029000,0
1772542820070921300,1772542820240894,1772542820241622,BTCUSDT,67393.73000000,0.00008000,0
1772542820070950800,1772542820240894,1772542820241623,BTCUSDT,67393.83000000,0.00016000,0
1772542820070980900,1772542820240894,1772542820241623,BTCUSDT,67394.34000000,0.00009000,0
1772542820071011000,1772542820240894,1772542820241624,BTCUSDT,67394.52000000,0.00008000,0
1772542820071040600,1772542820240894,1772542820241625,BTCUSDT,67394.56000000,0.00009000,0
1772542820071070700,1772542820240894,1772542820241625,BTCUSDT,67395.02000000,0.00008000,0
1772542820071104200,1772542820240894,1772542820241626,BTCUSDT,67395.18000000,0.00016000,0
1772542820122457300,1772542820295898,1772542820296504,BTCUSDT,67395.19000000,0.00256000,0
1772542820122597100,1772542820295898,1772542820296509,BTCUSDT,67395.20000000,0.00075000,0
1772542820122683800,1772542820295898,1772542820296509,BTCUSDT,67395.21000000,0.00043000,0
1772542820122761600,1772542820295898,1772542820296510,BTCUSDT,67395.22000000,0.00009000,0
1772542820122837700,1772542820295898,1772542820296512,BTCUSDT,67395.23000000,0.00009000,0
1772542820122913200,1772542820296026,1772542820296592,BTCUSDT,67395.75000000,0.00016000,0
1772542820122988600,1772542820296026,1772542820296596,BTCUSDT,67395.85000000,0.00016000,0
1772542820123070400,1772542820296026,1772542820296597,BTCUSDT,67396.00000000,0.00036000,0
1772542820123128500,1772542820296026,1772542820296597,BTCUSDT,67396.06000000,0.00008000,0
1772542820123184600,1772542820296026,1772542820296598,BTCUSDT,67396.07000000,0.00032000,0
1772542820123243100,1772542820296031,1772542820296614,BTCUSDT,67396.11000000,0.00016000,0
1772542820123299300,1772542820296031,1772542820296618,BTCUSDT,67396.52000000,0.00025000,0
1772542820123361600,1772542820296031,1772542820296619,BTCUSDT,67396.59000000,0.00031000,0
1772542820127350800,1772542820299861,1772542820301103,BTCUSDT,67397.12000000,0.00163000,0
1772542820127410900,1772542820299861,1772542820301107,BTCUSDT,67397.13000000,0.00058000,0
1772542820127465800,1772542820299861,1772542820301108,BTCUSDT,67397.14000000,0.00037000,0
1772542820127523700,1772542820299861,1772542820301108,BTCUSDT,67397.16000000,0.00009000,0
1772542820127580200,1772542820299861,1772542820301109,BTCUSDT,67397.19000000,0.00016000,0
1772542820127645100,1772542820299861,1772542820301110,BTCUSDT,67397.25000000,0.00008000,0
1772542820138582800,1772542820309826,1772542820310444,BTCUSDT,67397.26000000,0.01088000,0
1772542820138691400,1772542820309934,1772542820310669,BTCUSDT,67397.27000000,0.00075000,0
1772542820138774500,1772542820309934,1772542820310673,BTCUSDT,67397.28000000,0.00027000,0
1772542820138855000,1772542820309934,1772542820310673,BTCUSDT,67397.29000000,0.00009000,0
1772542820138934300,1772542820309934,1772542820310674,BTCUSDT,67397.30000000,0.00009000,0
1772542820139020200,1772542820309934,1772542820310674,BTCUSDT,67397.50000000,0.00024000,0
1772542820139114700,1772542820309934,1772542820310675,BTCUSDT,67397.51000000,0.00315000,0
1772542820139244200,1772542820312005,1772542820312528,BTCUSDT,67397.53000000,0.00088000,0
1772542820139334500,1772542820312156,1772542820312899,BTCUSDT,67397.54000000,0.00048000,0
1772542820139421000,1772542820312156,1772542820312903,BTCUSDT,67397.55000000,0.00025000,0
1772542820139493200,1772542820312156,1772542820312904,BTCUSDT,67397.86000000,0.00024000,0
1772542820139565800,1772542820312156,1772542820312905,BTCUSDT,67398.00000000,0.00036000,0
1772542820139633500,1772542820312156,1772542820312905,BTCUSDT,67398.86000000,0.00024000,0
1772542820139686300,1772542820312156,1772542820312906,BTCUSDT,67399.02000000,0.00016000,0
1772542820139736900,1772542820312156,1772542820312906,BTCUSDT,67399.03000000,0.00016000,0
1772542820139788800,1772542820312156,1772542820312908,BTCUSDT,67399.44000000,0.00025000,0
1772542820139840700,1772542820312156,1772542820312908,BTCUSDT,67399.46000000,0.00032000,0
1772542820139891900,1772542820312156,1772542820312909,BTCUSDT,67399.47000000,0.00016000,0
1772542820139943300,1772542820312156,1772542820312910,BTCUSDT,67399.68000000,0.00025000,0
1772542820139993400,1772542820312156,1772542820312910,BTCUSDT,67399.95000000,0.00016000,0
1772542820140044700,1772542820312156,1772542820312911,BTCUSDT,67399.99000000,0.00024000,0
1772542820140096200,1772542820312156,1772542820312911,BTCUSDT,67400.00000000,0.01523000,0
1772542820207192700,1772542820381376,1772542820381819,BTCUSDT,67399.99000000,0.00456000,1
1772542820316385200,1772542820490175,1772542820490496,BTCUSDT,67399.99000000,0.00009000,1
1772542820405599000,1772542820578167,1772542820578449,BTCUSDT,67400.00000000,0.00010000,0
1772542820411098500,1772542820584862,1772542820585426,BTCUSDT,67400.00000000,0.00305000,0
1772542820411147400,1772542820584862,1772542820585430,BTCUSDT,67400.01000000,0.00067000,0
1772542820413233000,1772542820586858,1772542820587451,BTCUSDT,67400.10000000,0.00110000,0
1772542820413309400,1772542820586858,1772542820587456,BTCUSDT,67400.11000000,0.00008000,0
1772542820413368400,1772542820586858,1772542820587457,BTCUSDT,67400.17000000,0.00025000,0
1772542820413423700,1772542820586896,1772542820587512,BTCUSDT,67400.49000000,0.00343000,0
1772542820413477900,1772542820586896,1772542820587516,BTCUSDT,67400.53000000,0.00016000,0
1772542820413533500,1772542820586896,1772542820587516,BTCUSDT,67400.54000000,0.00016000,0
1772542820415141100,1772542820588938,1772542820589454,BTCUSDT,67400.90000000,0.00024000,0
1772542820415199800,1772542820588938,1772542820589457,BTCUSDT,67401.09000000,0.00016000,0
1772542820415253400,1772542820588938,1772542820589458,BTCUSDT,67401.20000000,0.00024000,0
1772542820415306600,1772542820588938,1772542820589459,BTCUSDT,67401.28000000,0.00032000,0
1772542820415360700,1772542820588938,1772542820589459,BTCUSDT,67401.53000000,0.00008000,0
1772542820544541900,1772542820718109,1772542820718879,BTCUSDT,67401.54000000,0.00201000,0
1772542820544722300,1772542820718109,1772542820718883,BTCUSDT,67401.55000000,0.00051000,0
1772542820544842100,1772542820718109,1772542820718883,BTCUSDT,67402.00000000,0.00063000,0
1772542820544950000,1772542820718109,1772542820718884,BTCUSDT,67402.24000000,0.00025000,0
1772542820545061200,1772542820718109,1772542820718885,BTCUSDT,67402.28000000,0.00016000,0
1772542820545186100,1772542820718109,1772542820718885,BTCUSDT,67402.36000000,0.00041000,0
1772542820545306300,1772542820718109,1772542820718886,BTCUSDT,67402.41000000,0.00008000,0
1772542820545418100,1772542820718109,1772542820718886,BTCUSDT,67402.42000000,0.00016000,0
1772542820545534400,1772542820718109,1772542820718887,BTCUSDT,67402.43000000,0.00032000,0
1772542820552322500,1772542820726229,1772542820726762,BTCUSDT,67402.43000000,0.00025000,1
1772542820555973400,1772542820730288,1772542820730595,BTCUSDT,67402.44000000,0.00013000,0
1772542820810557600,1772542820978190,1772542820978646,BTCUSDT,67402.43000000,0.00047000,1
1772542821340340400,1772542821513838,1772542821514142,BTCUSDT,67402.44000000,0.00061000,0
1772542821663266200,1772542821837298,1772542821837808,BTCUSDT,67402.44000000,0.00148000,0
1772542822084207300,1772542822256797,1772542822257300,BTCUSDT,67402.44000000,0.04227000,0
1772542822084404700,1772542822256797,1772542822257304,BTCUSDT,67402.45000000,0.00059000,0
1772542822084550600,1772542822256797,1772542822257305,BTCUSDT,67402.70000000,0.00016000,0
1772542822084693200,1772542822256797,1772542822257306,BTCUSDT,67403.07000000,0.00016000,0
1772542822084915500,1772542822258393,1772542822258770,BTCUSDT,67403.34000000,0.00032000,0
1772542822085066200,1772542822258393,1772542822258774,BTCUSDT,67403.35000000,0.00951000,0
1772542822085577700,1772542822258861,1772542822259313,BTCUSDT,67403.35000000,0.00787000,0
1772542822085774800,1772542822258861,1772542822259316,BTCUSDT,67404.00000000,0.00045000,0
1772542822092246200,1772542822265602,1772542822266472,BTCUSDT,67404.54000000,0.00183000,0
1772542822092359300,1772542822265602,1772542822266476,BTCUSDT,67404.55000000,0.00040000,0
1772542822092422200,1772542822265602,1772542822266477,BTCUSDT,67404.80000000,0.00025000,0
1772542822092484200,1772542822265602,1772542822266477,BTCUSDT,67405.28000000,0.00041000,0
1772542822092544500,1772542822265602,1772542822266478,BTCUSDT,67405.52000000,0.00024000,0
1772542822092605200,1772542822265602,1772542822266479,BTCUSDT,67405.53000000,0.00016000,0
1772542822092663700,1772542822265602,1772542822266480,BTCUSDT,67405.78000000,0.00008000,0
1772542822092715800,1772542822265602,1772542822266480,BTCUSDT,67405.81000000,0.00016000,0
1772542822092761300,1772542822265602,1772542822266481,BTCUSDT,67405.82000000,0.00016000,0
1772542822092808100,1772542822265602,1772542822266482,BTCUSDT,67405.96000000,0.00031000,0
1772542822092853700,1772542822265602,1772542822266482,BTCUSDT,67406.00000000,0.00099000,0
1772542822092898800,1772542822265602,1772542822266483,BTCUSDT,67406.24000000,0.00075000,0
1772542822092944100,1772542822265602,1772542822266484,BTCUSDT,67406.25000000,0.00025000,0
1772542822092990000,1772542822265602,1772542822266484,BTCUSDT,67406.55000000,0.00016000,0
1772542822093034600,1772542822265602,1772542822266485,BTCUSDT,67406.89000000,0.00016000,0
1772542822093081100,1772542822265602,1772542822266486,BTCUSDT,67406.96000000,0.00016000,0
1772542822093126300,1772542822265602,1772542822266487,BTCUSDT,67407.25000000,0.00016000,0
1772542822093171100,1772542822265602,1772542822266487,BTCUSDT,67407.36000000,0.00025000,0
1772542822093208600,1772542822265602,1772542822266488,BTCUSDT,67407.39000000,0.00242000,0
1772542822093260100,1772542822265602,1772542822266489,BTCUSDT,67407.88000000,0.00008000,0
1772542822093309800,1772542822265602,1772542822266489,BTCUSDT,67408.00000000,0.00040000,0
1772542822093360600,1772542822265602,1772542822266490,BTCUSDT,67408.02000000,0.00016000,0
1772542822142677800,1772542822315785,1772542822316785,BTCUSDT,67408.03000000,0.00265000,0
1772542822142733500,1772542822315785,1772542822316791,BTCUSDT,67408.04000000,0.00059000,0
1772542822142767200,1772542822315785,1772542822316792,BTCUSDT,67408.05000000,0.00027000,0
1772542822142799200,1772542822315785,1772542822316792,BTCUSDT,67408.06000000,0.00009000,0
1772542822142830900,1772542822315785,1772542822316793,BTCUSDT,67408.07000000,0.00009000,0
1772542822142861200,1772542822315785,1772542822316794,BTCUSDT,67408.20000000,0.00025000,0
1772542822142891400,1772542822315785,1772542822316795,BTCUSDT,67408.22000000,0.00025000,0
1772542822142929000,1772542822315785,1772542822316795,BTCUSDT,67408.34000000,0.00016000,0
1772542822142961200,1772542822315785,1772542822316796,BTCUSDT,67408.86000000,0.00024000,0
1772542822142992700,1772542822315785,1772542822316797,BTCUSDT,67408.87000000,0.00016000,0
1772542822143031900,1772542822315785,1772542822316797,BTCUSDT,67409.30000000,0.00364000,0
1772542822143067000,1772542822315785,1772542822316798,BTCUSDT,67409.44000000,0.00316000,0
1772542822143100600,1772542822315785,1772542822316799,BTCUSDT,67409.69000000,0.00016000,0
1772542822143135900,1772542822315785,1772542822316799,BTCUSDT,67409.92000000,0.00025000,0
1772542822143168400,1772542822315785,1772542822316800,BTCUSDT,67410.00000000,0.00056000,0
1772542822143202200,1772542822315785,1772542822316801,BTCUSDT,67410.20000000,0.00016000,0
1772542822143245900,1772542822315785,1772542822316801,BTCUSDT,67410.21000000,0.00016000,0
1772542822143286100,1772542822315785,1772542822316802,BTCUSDT,67410.39000000,0.00024000,0
1772542822143323200,1772542822315785,1772542822316803,BTCUSDT,67410.54000000,0.00016000,0
1772542822143362200,1772542822315785,1772542822316804,BTCUSDT,67411.12000000,0.00025000,0
1772542822143400900,1772542822315785,1772542822316804,BTCUSDT,67411.22000000,0.00024000,0
1772542822143433900,1772542822315785,1772542822316805,BTCUSDT,67411.53000000,0.01820000,0
1772542822143464100,1772542822315785,1772542822316807,BTCUSDT,67411.77000000,0.00016000,0
1772542822143494600,1772542822315785,1772542822316807,BTCUSDT,67411.80000000,0.00025000,0
1772542822143526400,1772542822315785,1772542822316808,BTCUSDT,67411.86000000,0.00032000,0
1772542822144860700,1772542822317984,1772542822318498,BTCUSDT,67411.87000000,0.00009000,0
1772542822667260800,1772542822841025,1772542822841292,BTCUSDT,67411.87000000,0.00008000,0
