recv_ns,trade_us,event_us,symbol,price,qty,is_sell
1772524237403510600,1772524240094976,1772524240095361,BTCUSDT,68129.12000000,0.01585000,1
1772524237694275700,1772524240387585,1772524240387882,BTCUSDT,68129.13000000,0.00207000,0
1772524237837313700,1772524240527450,1772524240527847,BTCUSDT,68129.12000000,0.00108000,1
1772524237979934500,1772524240672023,1772524240672440,BTCUSDT,68129.12000000,0.00368000,1
1772524238145634800,1772524240835718,1772524240835985,BTCUSDT,68129.12000000,0.05679000,1
1772524238252738200,1772524240945298,1772524240945561,BTCUSDT,68129.12000000,0.07498000,1
1772524238469239800,1772524241160589,1772524241161059,BTCUSDT,68129.13000000,0.01908000,0
1772524238589560400,1772524241280722,1772524241281031,BTCUSDT,68129.12000000,0.00011000,1
1772524238601418400,1772524241294328,1772524241294619,BTCUSDT,68129.12000000,0.08537000,1
1772524239057131800,1772524241750372,1772524241750650,BTCUSDT,68129.12000000,0.00019000,1
1772524239059105600,1772524241751740,1772524241752160,BTCUSDT,68129.13000000,0.00128000,0
1772524239472744500,1772524242154426,1772524242154727,BTCUSDT,68129.13000000,0.00514000,0
1772524239521980700,1772524242214408,1772524242214799,BTCUSDT,68129.12000000,0.00676000,1
1772524240296189500,1772524242987598,1772524242988283,BTCUSDT,68129.13000000,0.00798000,0
1772524240296276700,1772524242987598,1772524242988287,BTCUSDT,68129.14000000,0.02905000,0
1772524240296328900,1772524242987598,1772524242988288,BTCUSDT,68129.20000000,0.00008000,0
1772524240296376300,1772524242987598,1772524242988289,BTCUSDT,68129.28000000,0.00024000,0
1772524240296422000,1772524242987598,1772524242988290,BTCUSDT,68129.32000000,0.00008000,0
1772524240296467000,1772524242987598,1772524242988291,BTCUSDT,68130.52000000,0.00057000,0
1772524240296521200,1772524242987598,1772524242988292,BTCUSDT,68130.71000000,0.00008000,0
1772524240296568900,1772524242987598,1772524242988292,BTCUSDT,68131.05000000,0.00088000,0
1772524240482495500,1772524243175155,1772524243175478,BTCUSDT,68131.05000000,0.03935000,0
1772524240792249100,1772524243485485,1772524243485769,BTCUSDT,68131.05000000,0.00010000,0
1772524241146158700,1772524243839422,1772524243839803,BTCUSDT,68131.05000000,0.00027000,0
1772524241165743100,1772524243856772,1772524243857126,BTCUSDT,68131.04000000,0.32734000,1
1772524241254241400,1772524243946665,1772524243947196,BTCUSDT,68131.05000000,0.00011000,0
1772524241471496800,1772524244163843,1772524244164348,BTCUSDT,68131.05000000,0.00403000,0
1772524241497105700,1772524244190489,1772524244190852,BTCUSDT,68131.05000000,0.00586000,0
1772524241551514800,1772524244243908,1772524244244448,BTCUSDT,68131.05000000,0.00538000,0
1772524241551741400,1772524244243908,1772524244244452,BTCUSDT,68131.06000000,0.00049000,0
1772524241553258500,1772524244245890,1772524244246379,BTCUSDT,68131.12000000,0.00016000,0
1772524241553344500,1772524244245890,1772524244246383,BTCUSDT,68131.13000000,0.00008000,0
1772524241553404100,1772524244245890,1772524244246384,BTCUSDT,68131.39000000,0.00008000,0
1772524241553467300,1772524244245890,1772524244246384,BTCUSDT,68131.84000000,0.00009000,0
1772524241553522700,1772524244245890,1772524244246385,BTCUSDT,68132.00000000,0.00020000,0
1772524241558227800,1772524244250368,1772524244250759,BTCUSDT,68132.07000000,0.11269000,0
1772524241566922900,1772524244253349,1772524244253691,BTCUSDT,68132.07000000,0.00422000,0
1772524241567044800,1772524244256069,1772524244256366,BTCUSDT,68132.07000000,0.00073000,0
1772524241567120700,1772524244258190,1772524244258548,BTCUSDT,68132.07000000,0.00100000,0
1772524241579595600,1772524244272439,1772524244272721,BTCUSDT,68132.07000000,0.00586000,0
1772524241588184200,1772524244280468,1772524244280746,BTCUSDT,68132.07000000,0.01172000,0
1772524241606393700,1772524244299352,1772524244299770,BTCUSDT,68132.07000000,0.00431000,0
1772524241614642400,1772524244306869,1772524244307188,BTCUSDT,68132.07000000,0.00586000,0
1772524241623249500,1772524244315732,1772524244316186,BTCUSDT,68132.07000000,0.00879000,0
1772524241661199000,1772524244353915,1772524244354422,BTCUSDT,68132.07000000,0.24697000,0
1772524241661297100,1772524244353915,1772524244354426,BTCUSDT,68132.08000000,0.00024000,0
1772524241673175900,1772524244364936,1772524244365352,BTCUSDT,68132.66000000,0.00110000,0
1772524241673319400,1772524244364936,1772524244365356,BTCUSDT,68132.67000000,0.00024000,0
1772524241673418300,1772524244364936,1772524244365357,BTCUSDT,68133.98000000,0.00246000,0
1772524241673524200,1772524244364936,1772524244365358,BTCUSDT,68134.00000000,0.00020000,0
1772524241673616600,1772524244364936,1772524244365358,BTCUSDT,68134.40000000,0.00009000,0
1772524241673707800,1772524244364936,1772524244365359,BTCUSDT,68135.39000000,0.00008000,0
1772524241673804000,1772524244364936,1772524244365360,BTCUSDT,68135.92000000,0.00005000,0
1772524242120903600,1772524244811564,1772524244812120,BTCUSDT,68135.91000000,0.00144000,1
1772524242267016500,1772524244960302,1772524244960794,BTCUSDT,68135.92000000,0.04908000,0
1772524242342265600,1772524245033697,1772524245033983,BTCUSDT,68135.91000000,0.00011000,1
1772524242415161600,1772524245108381,1772524245108730,BTCUSDT,68135.91000000,0.08538000,1
1772524243143294400,1772524245835979,1772524245836259,BTCUSDT,68135.91000000,0.03550000,1
1772524243252442300,1772524245945269,1772524245945547,BTCUSDT,68135.91000000,0.06463000,1
1772524243598383300,1772524246288496,1772524246288856,BTCUSDT,68135.92000000,0.00027000,0
1772524244349377600,1772524247039603,1772524247039990,BTCUSDT,68135.92000000,0.00016000,0
1772524245766441900,1772524248459130,1772524248459469,BTCUSDT,68135.92000000,0.00088000,0
1772524245791107300,1772524248484417,1772524248484760,BTCUSDT,68135.91000000,0.00103000,1
1772524245901716500,1772524248593825,1772524248594201,BTCUSDT,68135.92000000,0.00029000,0
1772524246096851100,1772524248789512,1772524248789801,BTCUSDT,68135.91000000,0.00011000,1
1772524246107373100,1772524248800074,1772524248800430,BTCUSDT,68135.91000000,0.08537000,1
1772524246961535800,1772524249654366,1772524249654734,BTCUSDT,68135.91000000,0.00373000,1
1772524247084404300,1772524249777006,1772524249777354,BTCUSDT,68135.91000000,0.00019000,1
1772524247331907000,1772524250024391,1772524250024749,BTCUSDT,68135.91000000,0.00017000,1
1772524247379142200,1772524250072439,1772524250072843,BTCUSDT,68135.92000000,0.00074000,0
1772524247380658100,1772524250074189,1772524250074624,BTCUSDT,68135.92000000,0.00100000,0
1772524247384826100,1772524250076798,1772524250077296,BTCUSDT,68135.92000000,0.01171000,0
1772524247404133800,1772524250097253,1772524250097752,BTCUSDT,68135.91000000,0.01586000,1
1772524247585491200,1772524250278189,1772524250278503,BTCUSDT,68135.92000000,0.00526000,0
1772524247721981700,1772524250415192,1772524250415467,BTCUSDT,68135.91000000,0.00108000,1
1772524248145287200,1772524250837844,1772524250838111,BTCUSDT,68135.91000000,0.04969000,1
1772524248252383800,1772524250945186,1772524250945502,BTCUSDT,68135.91000000,0.06159000,1
1772524248610010300,1772524251303552,1772524251303920,BTCUSDT,68135.92000000,0.00062000,0
1772524248772817000,1772524251466007,1772524251466295,BTCUSDT,68135.91000000,0.00057000,1
1772524248781892000,1772524251475210,1772524251475588,BTCUSDT,68135.91000000,0.00659000,1
1772524249831644200,1772524252524199,1772524252524660,BTCUSDT,68135.91000000,0.08537000,1
1772524249879908400,1772524252572972,1772524252573382,BTCUSDT,68135.91000000,0.00011000,1
1772524250979639700,1772524253672746,1772524253673079,BTCUSDT,68135.91000000,0.00271000,1
1772524253146372100,1772524255839569,1772524255839848,BTCUSDT,68135.91000000,0.04260000,1
1772524253610069500,1772524256303310,1772524256303662,BTCUSDT,68135.91000000,0.00011000,1
1772524253623526300,1772524256315890,1772524256316173,BTCUSDT,68135.91000000,0.08557000,1
1772524254760909500,1772524257453854,1772524257454471,BTCUSDT,68135.92000000,0.00144000,0
1772524254850050300,1772524257543629,1772524257543921,BTCUSDT,68135.92000000,0.00036000,0
1772524254913130900,1772524257606353,1772524257606700,BTCUSDT,68135.91000000,0.01030000,1
1772524255251100100,1772524257943901,1772524257944216,BTCUSDT,68135.92000000,0.03671000,0
1772524256077105500,1772524258770087,1772524258770388,BTCUSDT,68135.92000000,0.00023000,0
1772524256557818300,1772524259251458,1772524259251742,BTCUSDT,68135.92000000,0.00011000,0
1772524256682700200,1772524259375708,1772524259375997,BTCUSDT,68135.92000000,0.00786000,0
1772524256990449800,1772524259683637,1772524259683980,BTCUSDT,68135.92000000,0.01502000,0
1772524257254224100,1772524259946971,1772524259947257,BTCUSDT,68135.92000000,0.00012000,0
1772524257376649900,1772524260068632,1772524260068971,BTCUSDT,68135.91000000,0.00011000,1
1772524257388439100,1772524260081946,1772524260082233,BTCUSDT,68135.91000000,0.08537000,1
1772524257402984000,1772524260095999,1772524260096276,BTCUSDT,68135.91000000,0.01585000,1
1772524257842623500,1772524260534944,1772524260535305,BTCUSDT,68135.92000000,0.00207000,0
1772524257894170600,1772524260585987,1772524260586271,BTCUSDT,68135.91000000,0.01832000,1
1772524257900962700,1772524260592686,1772524260593096,BTCUSDT,68135.91000000,0.00108000,1
1772524258145515200,1772524260837221,1772524260837600,BTCUSDT,68135.91000000,0.03550000,1
1772524258251738900,1772524260945166,1772524260945587,BTCUSDT,68135.91000000,0.08123000,1
1772524258345737900,1772524261039591,1772524261039878,BTCUSDT,68135.91000000,0.00312000,1
1772524258777832600,1772524261471413,1772524261471707,BTCUSDT,68135.91000000,0.00012000,1
1772524258782303400,1772524261475710,1772524261475999,BTCUSDT,68135.92000000,0.00181000,0
1772524259325515700,1772524261990939,1772524261991211,BTCUSDT,68135.91000000,0.00449000,1
1772524259724550500,1772524262405924,1772524262406231,BTCUSDT,68135.91000000,0.00723000,1
1772524259904147100,1772524262588973,1772524262589260,BTCUSDT,68135.92000000,0.00183000,0
1772524260037596000,1772524262731002,1772524262731290,BTCUSDT,68135.91000000,0.01154000,1
1772524261095398800,1772524263787878,1772524263788194,BTCUSDT,68135.91000000,0.00011000,1
1772524261109188500,1772524263801808,1772524263802187,BTCUSDT,68135.91000000,0.08536000,1
1772524261253394600,1772524263947127,1772524263947468,BTCUSDT,68135.92000000,0.00054000,0
1772524261390518400,1772524264083849,1772524264084150,BTCUSDT,68135.91000000,0.00065000,1
1772524262272754900,1772524264966106,1772524264966520,BTCUSDT,68135.92000000,0.03714000,0
1772524263144614700,1772524265838263,1772524265838582,BTCUSDT,68135.91000000,0.03549000,1
1772524263251951200,1772524265945141,1772524265945444,BTCUSDT,68135.91000000,0.05873000,1
1772524263313121000,1772524266006663,1772524266006943,BTCUSDT,68135.92000000,0.00083000,0
1772524264853107900,1772524267546332,1772524267546717,BTCUSDT,68135.91000000,0.00011000,1
1772524264865459300,1772524267558644,1772524267558980,BTCUSDT,68135.91000000,0.08539000,1
1772524264957926300,1772524267649519,1772524267649829,BTCUSDT,68135.91000000,0.00290000,1
1772524266447018100,1772524269135232,1772524269135517,BTCUSDT,68135.91000000,0.02257000,1
1772524267176807100,1772524269870510,1772524269870902,BTCUSDT,68135.92000000,0.00134000,0
1772524267402159800,1772524270094987,1772524270095530,BTCUSDT,68135.91000000,0.01586000,1
1772524267924631400,1772524270617931,1772524270618213,BTCUSDT,68135.91000000,0.00108000,1
1772524268144879100,1772524270837636,1772524270837999,BTCUSDT,68135.91000000,0.03550000,1
1772524268252254900,1772524270945580,1772524270946107,BTCUSDT,68135.91000000,0.06683000,1
1772524268597517000,1772524271290710,1772524271290987,BTCUSDT,68135.91000000,0.00011000,1
1772524268608951800,1772524271301633,1772524271301981,BTCUSDT,68135.91000000,0.08536000,1
1772524268989450200,1772524271683451,1772524271683775,BTCUSDT,68135.91000000,0.00612000,1
1772524269806103900,1772524272500103,1772524272500387,BTCUSDT,68135.92000000,0.00029000,0
1772524270261641200,1772524272954687,1772524272954958,BTCUSDT,68135.92000000,0.00015000,0
1772524270526632800,1772524273219743,1772524273220383,BTCUSDT,68135.92000000,0.00200000,0
1772524270534208300,1772524273228043,1772524273228738,BTCUSDT,68135.91000000,0.00029000,1
1772524270553309700,1772524273246822,1772524273247591,BTCUSDT,68135.92000000,0.15091000,0
1772524270561709300,1772524273251160,1772524273251855,BTCUSDT,68135.92000000,0.01025000,0
1772524270575656400,1772524273268919,1772524273269473,BTCUSDT,68135.92000000,0.00200000,0
1772524270591881000,1772524273283526,1772524273284098,BTCUSDT,68135.92000000,0.01796000,0
1772524270625803100,1772524273315481,1772524273315990,BTCUSDT,68135.92000000,0.01287000,0
1772524270629208300,1772524273321849,1772524273322281,BTCUSDT,68135.92000000,0.06072000,0
1772524270629332300,1772524273321983,1772524273322483,BTCUSDT,68135.92000000,0.27489000,0
1772524270629414900,1772524273321985,1772524273322524,BTCUSDT,68135.92000000,0.17161000,0
1772524270629489000,1772524273321985,1772524273322528,BTCUSDT,68135.93000000,0.00016000,0
1772524270629561300,1772524273321985,1772524273322529,BTCUSDT,68135.99000000,0.00008000,0
1772524270629632400,1772524273321985,1772524273322530,BTCUSDT,68136.00000000,0.00037000,0
1772524270629706800,1772524273321985,1772524273322530,BTCUSDT,68136.12000000,0.00365000,0
1772524270631089000,1772524273323508,1772524273323971,BTCUSDT,68136.59000000,0.00008000,0
1772524270652132100,1772524273346091,1772524273346558,BTCUSDT,68136.96000000,0.40132000,0
1772524270652273100,1772524273346091,1772524273346562,BTCUSDT,68136.97000000,0.00016000,0
1772524270652353900,1772524273346091,1772524273346563,BTCUSDT,68137.30000000,0.00008000,0
1772524270652437100,1772524273346091,1772524273346563,BTCUSDT,68137.50000000,0.00008000,0
1772524270670370700,1772524273362886,1772524273363304,BTCUSDT,68138.00000000,0.00100000,0
1772524270671789600,1772524273364562,1772524273364978,BTCUSDT,68138.00000000,0.00067000,0
1772524270671898900,1772524273364562,1772524273364982,BTCUSDT,68138.01000000,0.00032000,0
1772524270671951900,1772524273364562,1772524273364983,BTCUSDT,68138.86000000,0.00008000,0
1772524270687023200,1772524273381082,1772524273381547,BTCUSDT,68139.34000000,0.12397000,0
1772524270699554000,1772524273392914,1772524273393447,BTCUSDT,68139.33000000,0.02035000,1
1772524270711225700,1772524273404525,1772524273405015,BTCUSDT,68139.34000000,0.00073000,0
1772524270725967400,1772524273415415,1772524273415998,BTCUSDT,68139.34000000,0.00123000,0
1772524270726116500,1772524273415415,1772524273416003,BTCUSDT,68139.35000000,0.00040000,0
1772524270726205200,1772524273415415,1772524273416003,BTCUSDT,68139.52000000,0.00009000,0
1772524270726287000,1772524273415415,1772524273416004,BTCUSDT,68140.00000000,0.00020000,0
1772524270726366100,1772524273415415,1772524273416005,BTCUSDT,68140.51000000,0.00008000,0
1772524270726442600,1772524273415415,1772524273416006,BTCUSDT,68141.17000000,0.00025000,0
1772524270726518100,1772524273415415,1772524273416006,BTCUSDT,68141.58000000,0.00008000,0
1772524270726600100,1772524273415415,1772524273416007,BTCUSDT,68142.00000000,0.00049000,0
1772524270726739100,1772524273416659,1772524273417155,BTCUSDT,68142.08000000,0.00009000,0
1772524270726816500,1772524273416659,1772524273417159,BTCUSDT,68142.10000000,0.00155000,0
1772524270776297600,1772524273463833,1772524273464151,BTCUSDT,68142.11000000,0.00028000,0
1772524270902410400,1772524273595632,1772524273596000,BTCUSDT,68142.11000000,0.02000000,0
1772524271050923300,1772524273743409,1772524273744255,BTCUSDT,68142.11000000,0.09970000,0
1772524271051009200,1772524273743409,1772524273744259,BTCUSDT,68142.12000000,0.00057000,0
1772524271051065200,1772524273743514,1772524273744469,BTCUSDT,68142.67000000,0.00112000,0
1772524271051111800,1772524273743514,1772524273744472,BTCUSDT,68142.68000000,0.00008000,0
1772524271051158200,1772524273743514,1772524273744473,BTCUSDT,68142.71000000,0.00032000,0
1772524271051204400,1772524273743514,1772524273744474,BTCUSDT,68142.72000000,0.05656000,0
1772524271051250000,1772524273743556,1772524273744506,BTCUSDT,68142.72000000,0.04360000,0
1772524271051294700,1772524273743556,1772524273744510,BTCUSDT,68142.93000000,0.00116000,0
1772524271051338700,1772524273743776,1772524273744836,BTCUSDT,68143.41000000,0.00032000,0
1772524271051382800,1772524273743776,1772524273744840,BTCUSDT,68143.42000000,0.04599000,0
1772524271051428400,1772524273743776,1772524273744840,BTCUSDT,68144.00000000,0.00040000,0
1772524271051472900,1772524273743776,1772524273744841,BTCUSDT,68144.09000000,0.00008000,0
1772524271051519300,1772524273743776,1772524273744842,BTCUSDT,68144.10000000,0.00609000,0
1772524271052739400,1772524273745445,1772524273746735,BTCUSDT,68144.39000000,0.00050000,0
1772524271052804500,1772524273745445,1772524273746739,BTCUSDT,68144.64000000,0.00009000,0
1772524271052853200,1772524273745445,1772524273746740,BTCUSDT,68145.81000000,0.00030000,0
1772524271052899700,1772524273745445,1772524273746740,BTCUSDT,68145.92000000,0.00024000,0
1772524271052943500,1772524273745445,1772524273746741,BTCUSDT,68145.93000000,0.00016000,0
1772524271052988200,1772524273745445,1772524273746741,BTCUSDT,68146.00000000,0.00040000,0
1772524271053031400,1772524273745445,1772524273746742,BTCUSDT,68146.02000000,0.00008000,0
1772524271053074700,1772524273745445,1772524273746743,BTCUSDT,68146.24000000,0.00816000,0
1772524271053118400,1772524273745445,1772524273746743,BTCUSDT,68146.70000000,0.00012000,0
1772524271053162200,1772524273745445,1772524273746744,BTCUSDT,68147.20000000,0.00009000,0
1772524271053205600,1772524273745445,1772524273746744,BTCUSDT,68148.00000000,0.00040000,0
1772524271053248800,1772524273745445,1772524273746745,BTCUSDT,68148.27000000,0.00008000,0
1772524271053301000,1772524273745445,1772524273746745,BTCUSDT,68148.86000000,0.00015000,0
1772524271053378200,1772524273745445,1772524273746746,BTCUSDT,68149.36000000,0.00008000,0
1772524271053458300,1772524273745445,1772524273746746,BTCUSDT,68149.56000000,0.00146000,0
1772524271053539400,1772524273745445,1772524273746747,BTCUSDT,68149.59000000,0.00025000,0
1772524271053625700,1772524273745445,1772524273746749,BTCUSDT,68149.76000000,0.00009000,0
1772524271053708900,1772524273745445,1772524273746749,BTCUSDT,68150.00000000,0.00040000,0
1772524271053789500,1772524273745445,1772524273746750,BTCUSDT,68150.82000000,0.00016000,0
1772524271053869400,1772524273745445,1772524273746751,BTCUSDT,68151.44000000,0.00024000,0
1772524271053945400,1772524273745445,1772524273746751,BTCUSDT,68151.45000000,0.00655000,0
1772524271054013100,1772524273745798,1772524273747191,BTCUSDT,68151.45000000,0.02000000,0
1772524271054060100,1772524273745800,1772524273747225,BTCUSDT,68151.45000000,0.01615000,0
1772524271054103700,1772524273745800,1772524273747229,BTCUSDT,68151.49000000,0.00024000,0
1772524271054147200,1772524273745800,1772524273747229,BTCUSDT,68151.50000000,0.02361000,0
1772524271054199200,1772524273746066,1772524273747621,BTCUSDT,68151.50000000,0.01000000,0
1772524271058620300,1772524273749229,1772524273752506,BTCUSDT,68151.50000000,0.00073000,0
1772524271058697500,1772524273749711,1772524273753343,BTCUSDT,68151.50000000,0.08000000,0
1772524271070053200,1772524273759814,1772524273763985,BTCUSDT,68151.50000000,0.00074000,0
1772524271085272800,1772524273779055,1772524273779475,BTCUSDT,68151.49000000,0.00022000,1
1772524271087189500,1772524273780670,1772524273781196,BTCUSDT,68151.50000000,0.00360000,0
1772524271087271400,1772524273780670,1772524273781200,BTCUSDT,68151.51000000,0.00041000,0
1772524271087343500,1772524273780670,1772524273781201,BTCUSDT,68151.52000000,0.00009000,0
1772524271087420900,1772524273780670,1772524273781201,BTCUSDT,68151.90000000,0.00008000,0
1772524271099393800,1772524273793355,1772524273793842,BTCUSDT,68151.91000000,0.00100000,0
1772524271101873600,1772524273796193,1772524273796606,BTCUSDT,68151.91000000,0.00073000,0
1772524271187537000,1772524273881238,1772524273881623,BTCUSDT,68151.91000000,0.00073000,0
1772524271548873700,1772524274242298,1772524274242584,BTCUSDT,68151.90000000,0.00726000,1
1772524272276029100,1772524274970194,1772524274970742,BTCUSDT,68151.91000000,0.02795000,0
1772524272347254500,1772524275039951,1772524275040303,BTCUSDT,68151.90000000,0.00011000,1
1772524272415478700,1772524275107863,1772524275108386,BTCUSDT,68151.90000000,0.08540000,1
1772524272537187700,1772524275228586,1772524275228940,BTCUSDT,68151.90000000,0.00066000,1
1772524273151035000,1772524275844560,1772524275844902,BTCUSDT,68151.90000000,0.02840000,1
1772524273251894300,1772524275945212,1772524275945574,BTCUSDT,68151.90000000,0.06154000,1
1772524273369271800,1772524276063201,1772524276063588,BTCUSDT,68151.91000000,0.00074000,0
1772524273371813200,1772524276065123,1772524276065618,BTCUSDT,68151.91000000,0.00100000,0
1772524273569085900,1772524276257404,1772524276257901,BTCUSDT,68151.90000000,0.00082000,1
1772524274295160100,1772524276984901,1772524276985984,BTCUSDT,68151.91000000,0.00825000,0
1772524274295245800,1772524276984901,1772524276985988,BTCUSDT,68151.92000000,0.00086000,0
1772524274295299600,1772524276984901,1772524276985988,BTCUSDT,68152.00000000,0.00083000,0
1772524274295348900,1772524276984901,1772524276985989,BTCUSDT,68152.08000000,0.00436000,0
1772524274295440100,1772524276984901,1772524276985989,BTCUSDT,68152.29000000,0.00008000,0
1772524274295537800,1772524276984901,1772524276985990,BTCUSDT,68152.30000000,0.00562000,0
1772524274303728500,1772524276994437,1772524276994969,BTCUSDT,68152.30000000,0.00404000,0
1772524274303813100,1772524276994437,1772524276994973,BTCUSDT,68152.31000000,0.00009000,0
1772524274304470100,1772524276997449,1772524276997940,BTCUSDT,68152.31000000,0.00100000,0
1772524274312901100,1772524277003882,1772524277004228,BTCUSDT,68152.31000000,0.00073000,0
1772524274337328500,1772524277031022,1772524277031627,BTCUSDT,68152.31000000,0.00158000,0
1772524274337425100,1772524277031022,1772524277031631,BTCUSDT,68152.32000000,0.00041000,0
1772524274339568600,1772524277032822,1772524277033465,BTCUSDT,68152.32000000,0.00057000,0
1772524274339731200,1772524277032822,1772524277033469,BTCUSDT,68152.33000000,0.00008000,0
1772524274392406600,1772524277084615,1772524277085167,BTCUSDT,68152.70000000,0.00305000,0
1772524274392557400,1772524277084615,1772524277085171,BTCUSDT,68152.71000000,0.00032000,0
1772524274392649100,1772524277084615,1772524277085172,BTCUSDT,68153.62000000,0.00020000,0
1772524274392736400,1772524277084615,1772524277085173,BTCUSDT,68154.00000000,0.00069000,0
1772524274392819300,1772524277084615,1772524277085175,BTCUSDT,68154.88000000,0.00009000,0
1772524274392900000,1772524277084615,1772524277085176,BTCUSDT,68155.16000000,0.00008000,0
1772524274393007600,1772524277084615,1772524277085177,BTCUSDT,68155.31000000,0.00008000,0
1772524274410287200,1772524277104179,1772524277104533,BTCUSDT,68155.32000000,0.00142000,0
1772524274413246700,1772524277105761,1772524277106159,BTCUSDT,68155.32000000,0.00040000,0
1772524274413346200,1772524277105761,1772524277106163,BTCUSDT,68155.33000000,0.00048000,0
1772524274413404500,1772524277105761,1772524277106164,BTCUSDT,68155.75000000,0.00008000,0
1772524274413458000,1772524277105761,1772524277106164,BTCUSDT,68155.76000000,0.00025000,0
1772524274413512600,1772524277105761,1772524277106165,BTCUSDT,68156.00000000,0.00155000,0
1772524274427004100,1772524277121488,1772524277121840,BTCUSDT,68156.04000000,0.00073000,0
1772524274427114600,1772524277122260,1772524277122662,BTCUSDT,68156.04000000,0.00087000,0
1772524274427169100,1772524277122260,1772524277122666,BTCUSDT,68156.05000000,0.00013000,0
1772524274430969000,1772524277125114,1772524277125470,BTCUSDT,68156.05000000,0.00100000,0
1772524274474252500,1772524277167840,1772524277168259,BTCUSDT,68156.05000000,0.00150000,0
1772524274474340800,1772524277167840,1772524277168263,BTCUSDT,68156.06000000,0.00011000,0
1772524274548395500,1772524277241859,1772524277242247,BTCUSDT,68156.05000000,0.00167000,0
1772524274599106800,1772524277293138,1772524277293786,BTCUSDT,68156.06000000,0.00187000,0
1772524274599257100,1772524277293138,1772524277293790,BTCUSDT,68156.07000000,0.00032000,0
1772524274599349100,1772524277293138,1772524277293790,BTCUSDT,68157.44000000,0.00009000,0
1772524274599432000,1772524277293138,1772524277293791,BTCUSDT,68157.97000000,0.00069000,0
1772524274599512800,1772524277293138,1772524277293792,BTCUSDT,68158.00000000,0.00069000,0
1772524274599595200,1772524277293138,1772524277293792,BTCUSDT,68158.51000000,0.00032000,0
1772524275009330600,1772524277701285,1772524277701749,BTCUSDT,68158.52000000,0.00766000,0
1772524275499977500,1772524278194433,1772524278194720,BTCUSDT,68158.52000000,0.00074000,0
1772524275503292500,1772524278196418,1772524278196728,BTCUSDT,68158.52000000,0.00100000,0
1772524275615338800,1772524278308990,1772524278309458,BTCUSDT,68158.51000000,0.00010000,1
1772524275865305600,1772524278558449,1772524278559051,BTCUSDT,68158.52000000,0.01551000,0
1772524275865488500,1772524278558449,1772524278559055,BTCUSDT,68158.53000000,0.00071000,0
1772524275865616300,1772524278558449,1772524278559057,BTCUSDT,68158.56000000,0.00008000,0
1772524275865724100,1772524278558449,1772524278559058,BTCUSDT,68158.59000000,0.00008000,0
1772524275865826900,1772524278558449,1772524278559059,BTCUSDT,68158.71000000,0.00032000,0
1772524275866005700,1772524278558449,1772524278559059,BTCUSDT,68158.72000000,0.00330000,0
1772524275876351600,1772524278568490,1772524278568800,BTCUSDT,68158.72000000,0.00073000,0
1772524275876574500,1772524278570380,1772524278570772,BTCUSDT,68158.72000000,0.00100000,0
1772524275885046900,1772524278578582,1772524278579081,BTCUSDT,68158.72000000,0.00074000,0
1772524275886801800,1772524278580987,1772524278581436,BTCUSDT,68158.72000000,0.09565000,0
1772524275886865400,1772524278581244,1772524278581612,BTCUSDT,68158.73000000,0.00024000,0
1772524275886932600,1772524278581244,1772524278581617,BTCUSDT,68159.24000000,0.00008000,0
1772524275887015800,1772524278581244,1772524278581618,BTCUSDT,68159.38000000,0.00008000,0
1772524275887067000,1772524278581244,1772524278581618,BTCUSDT,68159.55000000,0.00015000,0
1772524275887113400,1772524278581244,1772524278581619,BTCUSDT,68159.93000000,0.00008000,0
1772524275887160200,1772524278581244,1772524278581620,BTCUSDT,68160.00000000,0.00037000,0
1772524275891497000,1772524278583945,1772524278584417,BTCUSDT,68160.00000000,0.00132000,0
1772524275891555500,1772524278583945,1772524278584421,BTCUSDT,68160.01000000,0.00016000,0
1772524275891602800,1772524278583945,1772524278584421,BTCUSDT,68160.06000000,0.00009000,0
1772524275891647300,1772524278583945,1772524278584422,BTCUSDT,68160.60000000,0.00008000,0
1772524275919165100,1772524278612641,1772524278613185,BTCUSDT,68160.74000000,0.00139000,0
1772524275919281000,1772524278612641,1772524278613189,BTCUSDT,68160.75000000,0.00032000,0
1772524275919370400,1772524278612641,1772524278613190,BTCUSDT,68162.00000000,0.00069000,0
1772524275919418300,1772524278612641,1772524278613191,BTCUSDT,68162.56000000,0.00009000,0
1772524275919464200,1772524278612641,1772524278613191,BTCUSDT,68162.63000000,0.00009000,0
1772524275919509200,1772524278612641,1772524278613193,BTCUSDT,68162.72000000,0.00008000,0
1772524275919559200,1772524278612641,1772524278613193,BTCUSDT,68162.73000000,0.00008000,0
1772524275919621200,1772524278612641,1772524278613194,BTCUSDT,68162.74000000,0.00148000,0
1772524275970273200,1772524278663513,1772524278664028,BTCUSDT,68162.74000000,0.01063000,0
1772524276000195300,1772524278694321,1772524278694865,BTCUSDT,68162.75000000,0.00126000,0
1772524276000343200,1772524278694321,1772524278694868,BTCUSDT,68162.76000000,0.00016000,0
1772524276000413900,1772524278694321,1772524278694869,BTCUSDT,68163.81000000,0.00008000,0
1772524276000478600,1772524278694321,1772524278694870,BTCUSDT,68164.00000000,0.00069000,0
1772524276000546300,1772524278694321,1772524278694871,BTCUSDT,68164.02000000,0.00064000,0
1772524276013205100,1772524278707251,1772524278707764,BTCUSDT,68164.61000000,0.00100000,0
1772524276014136300,1772524278707439,1772524278708002,BTCUSDT,68164.61000000,0.00050000,0
1772524276014190700,1772524278707439,1772524278708007,BTCUSDT,68164.62000000,0.00023000,0
1772524276021752600,1772524278715808,1772524278716417,BTCUSDT,68164.62000000,0.00134000,0
1772524276021833900,1772524278715808,1772524278716421,BTCUSDT,68164.63000000,0.00033000,0
1772524276047142000,1772524278740679,1772524278741221,BTCUSDT,68164.72000000,0.00355000,0
1772524276047255800,1772524278740679,1772524278741225,BTCUSDT,68164.73000000,0.00024000,0
1772524276047388700,1772524278740679,1772524278741226,BTCUSDT,68165.12000000,0.00009000,0
1772524276047540800,1772524278740679,1772524278741226,BTCUSDT,68165.73000000,0.00082000,0
1772524276047631000,1772524278740679,1772524278741227,BTCUSDT,68166.00000000,0.00069000,0
1772524276047683600,1772524278740679,1772524278741228,BTCUSDT,68166.06000000,0.00008000,0
1772524276049504400,1772524278743708,1772524278744735,BTCUSDT,68166.81000000,0.00045000,0
1772524276052363800,1772524278744653,1772524278746669,BTCUSDT,68166.81000000,0.00055000,0
1772524276052451200,1772524278744653,1772524278746673,BTCUSDT,68166.82000000,0.00024000,0
1772524276052513500,1772524278744653,1772524278746674,BTCUSDT,68167.16000000,0.00012000,0
1772524276052575800,1772524278744653,1772524278746674,BTCUSDT,68167.68000000,0.00009000,0
1772524276052634200,1772524278744653,1772524278746675,BTCUSDT,68167.70000000,0.00016000,0
1772524276052691100,1772524278744653,1772524278746676,BTCUSDT,68168.00000000,0.00069000,0
1772524276052745100,1772524278744653,1772524278746676,BTCUSDT,68168.88000000,0.00008000,0
1772524276052798700,1772524278744653,1772524278746677,BTCUSDT,68168.89000000,0.00964000,0
1772524276052849300,1772524278744653,1772524278746677,BTCUSDT,68169.09000000,0.00008000,0
1772524276052897000,1772524278744653,1772524278746678,BTCUSDT,68169.40000000,0.00008000,0
1772524276052943400,1772524278744653,1772524278746678,BTCUSDT,68169.98000000,0.00032000,0
1772524276052990800,1772524278744653,1772524278746679,BTCUSDT,68169.99000000,0.00795000,0
1772524276060880200,1772524278751120,1772524278753971,BTCUSDT,68169.99000000,0.05536000,0
1772524276075380400,1772524278768870,1772524278769502,BTCUSDT,68169.99000000,0.00142000,0
1772524276092593800,1772524278785846,1772524278786309,BTCUSDT,68170.00000000,0.00073000,0
1772524276092689500,1772524278787031,1772524278787621,BTCUSDT,68169.99000000,0.00011000,1
1772524276098040200,1772524278792250,1772524278792827,BTCUSDT,68170.00000000,0.00122000,0
1772524276098091300,1772524278792250,1772524278792831,BTCUSDT,68170.01000000,0.00009000,0
1772524276106924200,1772524278800601,1772524278801066,BTCUSDT,68170.00000000,0.08537000,1
1772524276253085600,1772524278946561,1772524278947077,BTCUSDT,68170.01000000,0.00082000,0
1772524276261995200,1772524278956662,1772524278957182,BTCUSDT,68170.01000000,0.00074000,0
1772524276263676100,1772524278958209,1772524278958767,BTCUSDT,68170.01000000,0.00105000,0
1772524276263731300,1772524278958209,1772524278958770,BTCUSDT,68170.02000000,0.00041000,0
1772524276263777000,1772524278958209,1772524278958771,BTCUSDT,68170.24000000,0.00009000,0
1772524276263819900,1772524278958209,1772524278958772,BTCUSDT,68171.24000000,0.00015000,0
1772524276263863400,1772524278958209,1772524278958773,BTCUSDT,68171.53000000,0.00008000,0
1772524276459212900,1772524279152515,1772524279153002,BTCUSDT,68171.54000000,0.01194000,0
1772524276459292200,1772524279152515,1772524279153006,BTCUSDT,68171.55000000,0.00033000,0
1772524276459343400,1772524279152515,1772524279153007,BTCUSDT,68171.61000000,0.00008000,0
1772524276459409100,1772524279154448,1772524279154923,BTCUSDT,68172.00000000,0.00104000,0
1772524276460596200,1772524279154448,1772524279154927,BTCUSDT,68172.01000000,0.00024000,0
1772524276460643700,1772524279154448,1772524279154928,BTCUSDT,68172.15000000,0.00008000,0
1772524276460687500,1772524279154448,1772524279154928,BTCUSDT,68172.36000000,0.00014000,0
1772524276460753200,1772524279154448,1772524279154929,BTCUSDT,68172.74000000,0.00008000,0
1772524276460843900,1772524279154448,1772524279154930,BTCUSDT,68172.80000000,0.00009000,0
1772524276460897200,1772524279154448,1772524279154930,BTCUSDT,68173.98000000,0.00012000,0
1772524276472650400,1772524279165697,1772524279166384,BTCUSDT,68174.00000000,0.00218000,0
1772524276472756000,1772524279165697,1772524279166389,BTCUSDT,68174.01000000,0.00048000,0
1772524276472842300,1772524279165697,1772524279166389,BTCUSDT,68174.23000000,0.00009000,0
1772524276472892200,1772524279165697,1772524279166390,BTCUSDT,68174.84000000,0.00246000,0
1772524276472936900,1772524279165697,1772524279166391,BTCUSDT,68175.35000000,0.00008000,0
1772524276472979800,1772524279165697,1772524279166391,BTCUSDT,68175.36000000,0.00009000,0
1772524276473022000,1772524279165697,1772524279166392,BTCUSDT,68175.37000000,0.00008000,0
1772524276473064500,1772524279165697,1772524279166393,BTCUSDT,68175.38000000,0.00016000,0
1772524276473108400,1772524279165697,1772524279166393,BTCUSDT,68175.93000000,0.00008000,0
1772524276473150600,1772524279165697,1772524279166394,BTCUSDT,68175.94000000,0.00016000,0
1772524276473191800,1772524279165697,1772524279166395,BTCUSDT,68176.00000000,0.00060000,0
1772524276473233800,1772524279165697,1772524279166396,BTCUSDT,68176.08000000,0.00008000,0
1772524276473274800,1772524279165697,1772524279166396,BTCUSDT,68177.09000000,0.00032000,0
1772524276473316600,1772524279165697,1772524279166397,BTCUSDT,68177.10000000,0.00016000,0
1772524276473358200,1772524279165697,1772524279166398,BTCUSDT,68177.50000000,0.00010000,0
1772524276473399400,1772524279165697,1772524279166399,BTCUSDT,68177.70000000,0.00113000,0
1772524276473440500,1772524279165697,1772524279166400,BTCUSDT,68177.92000000,0.00009000,0
1772524276473481800,1772524279165697,1772524279166400,BTCUSDT,68178.00000000,0.00060000,0
1772524276473524000,1772524279165697,1772524279166401,BTCUSDT,68178.44000000,0.00015000,0
1772524276473568500,1772524279165697,1772524279166401,BTCUSDT,68179.15000000,0.00024000,0
1772524276486655800,1772524279180991,1772524279181404,BTCUSDT,68179.16000000,0.00073000,0
1772524276497238400,1772524279191042,1772524279191412,BTCUSDT,68179.15000000,0.00073000,1
1772524276573474200,1772524279266246,1772524279266628,BTCUSDT,68179.16000000,0.00073000,0
1772524276586922300,1772524279280064,1772524279280428,BTCUSDT,68179.15000000,0.00020000,1
1772524276697427700,1772524279390323,1772524279390831,BTCUSDT,68179.15000000,0.00183000,1
1772524276792021400,1772524279484084,1772524279484510,BTCUSDT,68179.15000000,0.00020000,1
1772524276946846800,1772524279638029,1772524279638458,BTCUSDT,68179.15000000,0.00020000,1
1772524277134349700,1772524279828041,1772524279828341,BTCUSDT,68179.15000000,0.00020000,1
1772524277328501400,1772524280022577,1772524280022933,BTCUSDT,68179.16000000,0.04003000,0
1772524277385285900,1772524280078927,1772524280079236,BTCUSDT,68179.15000000,0.00020000,1
1772524277402909300,1772524280096866,1772524280097174,BTCUSDT,68179.15000000,0.01585000,1
1772524277611893000,1772524280306337,1772524280306660,BTCUSDT,68179.15000000,0.00040000,1
1772524277650019600,1772524280343831,1772524280344183,BTCUSDT,68179.15000000,0.00189000,1
1772524277754770500,1772524280448726,1772524280449012,BTCUSDT,68179.15000000,0.00108000,1
1772524277979764800,1772524280674150,1772524280674511,BTCUSDT,68179.15000000,0.00020000,1
1772524278148854100,1772524280843588,1772524280843891,BTCUSDT,68179.15000000,0.03549000,1
1772524278567993100,1772524281261206,1772524281261699,BTCUSDT,68179.15000000,0.00020000,1
1772524278622567300,1772524281315925,1772524281316510,BTCUSDT,68179.15000000,0.07463000,1
1772524278714855800,1772524281409303,1772524281409737,BTCUSDT,68179.15000000,0.07740000,1
1772524279181513700,1772524281871888,1772524281872238,BTCUSDT,68179.15000000,0.00020000,1
1772524279377029500,1772524282065067,1772524282065416,BTCUSDT,68179.15000000,0.00682000,1
1772524279785929200,1772524282480380,1772524282480673,BTCUSDT,68179.15000000,0.00020000,1
1772524279832639700,1772524282525567,1772524282526174,BTCUSDT,68179.15000000,0.08537000,1
1772524279889289500,1772524282582965,1772524282583306,BTCUSDT,68179.15000000,0.00011000,1
1772524280225814000,1772524282913975,1772524282914256,BTCUSDT,68179.15000000,0.00020000,1
1772524280390231800,1772524283083752,1772524283084056,BTCUSDT,68179.15000000,0.00020000,1
1772524280512558000,1772524283204227,1772524283205788,BTCUSDT,68179.16000000,0.00958000,0
1772524280532850000,1772524283225191,1772524283225706,BTCUSDT,68179.17000000,0.00074000,0
1772524280619559700,1772524283313265,1772524283313882,BTCUSDT,68179.17000000,0.00100000,0
1772524280641189300,1772524283330642,1772524283331019,BTCUSDT,68179.17000000,0.00073000,0
1772524280990564700,1772524283684009,1772524283684509,BTCUSDT,68179.16000000,0.00020000,1
1772524281022055200,1772524283716409,1772524283716700,BTCUSDT,68179.17000000,0.00082000,0
1772524281369512800,1772524284062493,1772524284062871,BTCUSDT,68179.16000000,0.00023000,1
1772524281449517800,1772524284144447,1772524284144868,BTCUSDT,68179.17000000,0.00020000,0
1772524281450931000,1772524284144531,1772524284145211,BTCUSDT,68179.17000000,0.00514000,0
1772524281451112000,1772524284144531,1772524284145215,BTCUSDT,68179.18000000,0.00033000,0
1772524281451237700,1772524284144802,1772524284145366,BTCUSDT,68179.24000000,0.00008000,0
1772524281451345700,1772524284144802,1772524284145369,BTCUSDT,68179.42000000,0.00008000,0
1772524281451457100,1772524284144802,1772524284145370,BTCUSDT,68179.75000000,0.00114000,0
1772524281453283800,1772524284146639,1772524284147439,BTCUSDT,68179.75000000,0.00009000,0
1772524281453385400,1772524284146639,1772524284147443,BTCUSDT,68180.00000000,0.00060000,0
1772524281458164600,1772524284149979,1772524284151476,BTCUSDT,68180.00000000,0.00073000,0
1772524281458290500,1772524284151043,1772524284152459,BTCUSDT,68180.00000000,0.00029000,0
1772524281458360300,1772524284151043,1772524284152462,BTCUSDT,68180.01000000,0.00040000,0
1772524281486827300,1772524284180932,1772524284181523,BTCUSDT,68180.48000000,0.00159000,0
1772524281487023200,1772524284180932,1772524284181528,BTCUSDT,68180.49000000,0.00024000,0
1772524281487157500,1772524284180932,1772524284181528,BTCUSDT,68180.89000000,0.00008000,0
1772524281487229400,1772524284180932,1772524284181529,BTCUSDT,68180.90000000,0.00111000,0
1772524281487297300,1772524284180932,1772524284181530,BTCUSDT,68180.98000000,0.00008000,0
1772524281519261500,1772524284212550,1772524284213298,BTCUSDT,68181.94000000,0.00489000,0
1772524281519459400,1772524284212550,1772524284213302,BTCUSDT,68181.95000000,0.00032000,0
1772524281519595800,1772524284212550,1772524284213303,BTCUSDT,68182.00000000,0.00069000,0
1772524281519723800,1772524284212550,1772524284213304,BTCUSDT,68182.33000000,0.00008000,0
1772524281519862600,1772524284212550,1772524284213305,BTCUSDT,68182.76000000,0.00008000,0
1772524281519936600,1772524284212550,1772524284213305,BTCUSDT,68183.03000000,0.00012000,0
1772524281520550200,1772524284214559,1772524284215204,BTCUSDT,68183.03000000,0.00114000,0
1772524281520620600,1772524284214559,1772524284215208,BTCUSDT,68183.04000000,0.00033000,0
1772524281520684100,1772524284214559,1772524284215209,BTCUSDT,68184.00000000,0.00069000,0
1772524281520745900,1772524284214559,1772524284215209,BTCUSDT,68184.05000000,0.00008000,0
1772524281580410600,1772524284273176,1772524284273511,BTCUSDT,68184.05000000,0.00020000,1
1772524281637921100,1772524284331850,1772524284332265,BTCUSDT,68184.05000000,0.00020000,1
1772524281670012700,1772524284363676,1772524284364194,BTCUSDT,68184.06000000,0.00927000,0
1772524281670229200,1772524284363676,1772524284364198,BTCUSDT,68184.07000000,0.00016000,0
1772524281673443600,1772524284365380,1772524284366025,BTCUSDT,68184.96000000,0.00295000,0
1772524281673570400,1772524284365380,1772524284366029,BTCUSDT,68184.97000000,0.00016000,0
1772524281673690200,1772524284365380,1772524284366030,BTCUSDT,68185.60000000,0.00009000,0
1772524281673804200,1772524284365380,1772524284366031,BTCUSDT,68185.96000000,0.00008000,0
1772524281673975500,1772524284366279,1772524284367039,BTCUSDT,68185.97000000,0.02000000,0
1772524281689632500,1772524284383677,1772524284384292,BTCUSDT,68185.97000000,0.08110000,0
1772524281689736700,1772524284383677,1772524284384296,BTCUSDT,68185.98000000,0.00016000,0
1772524281689806400,1772524284383677,1772524284384297,BTCUSDT,68186.00000000,0.00052000,0
1772524281721875700,1772524284415306,1772524284415812,BTCUSDT,68186.00000000,0.00102000,0
1772524281721999200,1772524284415306,1772524284415817,BTCUSDT,68186.01000000,0.00008000,0
1772524281726427900,1772524284419461,1772524284419933,BTCUSDT,68186.00000000,0.00095000,0
1772524281726590200,1772524284419461,1772524284419937,BTCUSDT,68186.01000000,0.00033000,0
1772524281726667700,1772524284419461,1772524284419938,BTCUSDT,68186.02000000,0.00008000,0
1772524281726759900,1772524284419461,1772524284419938,BTCUSDT,68186.10000000,0.00008000,0
1772524281752843300,1772524284447167,1772524284447733,BTCUSDT,68186.34000000,0.00118000,0
1772524281780474600,1772524284474177,1772524284474572,BTCUSDT,68186.35000000,0.00110000,0
1772524281810728000,1772524284505444,1772524284505870,BTCUSDT,68186.36000000,0.00032000,0
1772524281833003900,1772524284525690,1772524284526128,BTCUSDT,68186.36000000,0.00096000,0
1772524281833172300,1772524284525690,1772524284526132,BTCUSDT,68186.37000000,0.00016000,0
1772524281833291900,1772524284525690,1772524284526133,BTCUSDT,68187.13000000,0.00008000,0
1772524281833399800,1772524284525690,1772524284526133,BTCUSDT,68188.00000000,0.00069000,0
1772524281833504700,1772524284525690,1772524284526134,BTCUSDT,68188.16000000,0.00009000,0
1772524281833608200,1772524284525690,1772524284526135,BTCUSDT,68189.13000000,0.00008000,0
1772524281833714600,1772524284525690,1772524284526136,BTCUSDT,68189.44000000,0.00008000,0
1772524281864759700,1772524284551506,1772524284551796,BTCUSDT,68189.93000000,0.00073000,0
1772524282134470700,1772524284827177,1772524284827606,BTCUSDT,68189.93000000,0.00451000,0
1772524282140753700,1772524284834776,1772524284835382,BTCUSDT,68189.94000000,0.00142000,0
1772524282140870600,1772524284834776,1772524284835386,BTCUSDT,68189.95000000,0.00024000,0
1772524282140942500,1772524284834776,1772524284835388,BTCUSDT,68190.00000000,0.00053000,0
1772524282172637200,1772524284865444,1772524284866092,BTCUSDT,68190.00000000,0.00141000,0
1772524282172839900,1772524284865444,1772524284866096,BTCUSDT,68190.01000000,0.00016000,0
1772524282172980400,1772524284865444,1772524284866097,BTCUSDT,68190.72000000,0.00009000,0
1772524282185235600,1772524284878590,1772524284879054,BTCUSDT,68192.00000000,0.00170000,0
1772524282185435200,1772524284878590,1772524284879058,BTCUSDT,68192.01000000,0.00024000,0
1772524282231134200,1772524284924944,1772524284925383,BTCUSDT,68192.77000000,0.00020000,1
1772524282235899900,1772524284930130,1772524284930683,BTCUSDT,68192.78000000,0.00196000,0
1772524282236178500,1772524284930130,1772524284930687,BTCUSDT,68192.79000000,0.00025000,0
1772524282236402200,1772524284930130,1772524284930688,BTCUSDT,68193.28000000,0.00009000,0
1772524282236608700,1772524284930130,1772524284930688,BTCUSDT,68194.00000000,0.00069000,0
1772524282236788300,1772524284930130,1772524284930689,BTCUSDT,68194.44000000,0.00011000,0
1772524282236961000,1772524284930130,1772524284930690,BTCUSDT,68194.56000000,0.00008000,0
1772524282237140000,1772524284930130,1772524284930690,BTCUSDT,68194.89000000,0.00008000,0
1772524282237334100,1772524284930130,1772524284930691,BTCUSDT,68194.90000000,0.00008000,0
1772524282292992500,1772524284987098,1772524284987612,BTCUSDT,68195.08000000,0.00439000,0
1772524282674466000,1772524285356440,1772524285356923,BTCUSDT,68195.07000000,0.00028000,1
1772524282798725000,1772524285492731,1772524285493123,BTCUSDT,68195.07000000,0.00020000,1
1772524282995098700,1772524285682260,1772524285682667,BTCUSDT,68195.07000000,0.00020000,1
1772524282995494500,1772524285683281,1772524285683601,BTCUSDT,68195.07000000,0.04000000,1
1772524283149851100,1772524285844342,1772524285844714,BTCUSDT,68195.07000000,0.03550000,1
1772524283253362800,1772524285945101,1772524285945607,BTCUSDT,68195.07000000,0.07403000,1
1772524283399314300,1772524286086352,1772524286086681,BTCUSDT,68195.07000000,0.00020000,1
1772524283591949700,1772524286285669,1772524286286147,BTCUSDT,68195.08000000,0.00096000,0
1772524283593051200,1772524286287020,1772524286287563,BTCUSDT,68195.07000000,0.00011000,1
1772524283605123900,1772524286299364,1772524286299747,BTCUSDT,68195.07000000,0.08537000,1
1772524284006410600,1772524286693480,1772524286693866,BTCUSDT,68195.07000000,0.00020000,1
1772524284498466900,1772524287190922,1772524287191222,BTCUSDT,68195.08000000,0.00030000,0
1772524285814390500,1772524288500224,1772524288500550,BTCUSDT,68195.08000000,0.00007000,0
1772524286026555500,1772524288719762,1772524288720048,BTCUSDT,68195.08000000,0.00103000,0
1772524286809404500,1772524289503412,1772524289503814,BTCUSDT,68195.08000000,0.00069000,0
1772524287062411400,1772524289757394,1772524289757797,BTCUSDT,68195.07000000,0.00194000,1
1772524287260754900,1772524289953999,1772524289954360,BTCUSDT,68195.08000000,0.03997000,0
1772524287350443600,1772524290045266,1772524290045557,BTCUSDT,68195.07000000,0.00011000,1
1772524287362552500,1772524290057162,1772524290057533,BTCUSDT,68195.07000000,0.08537000,1
1772524287400687700,1772524290094663,1772524290094979,BTCUSDT,68195.07000000,0.01586000,1
1772524287667884900,1772524290362329,1772524290362701,BTCUSDT,68195.07000000,0.00082000,1
1772524287809275800,1772524290503137,1772524290503591,BTCUSDT,68195.07000000,0.00108000,1
1772524287895307000,1772524290588626,1772524290589124,BTCUSDT,68195.08000000,0.01294000,0
1772524288153146600,1772524290847239,1772524290847589,BTCUSDT,68195.07000000,0.03550000,1
1772524288254767800,1772524290945263,1772524290945781,BTCUSDT,68195.07000000,0.06386000,1
1772524288522395500,1772524291215942,1772524291216263,BTCUSDT,68195.08000000,0.00015000,0
1772524288903726100,1772524291595333,1772524291598266,BTCUSDT,68195.07000000,0.00262000,1
1772524288910141100,1772524291603265,1772524291604716,BTCUSDT,68195.07000000,0.01263000,1
1772524288910351800,1772524291603265,1772524291604720,BTCUSDT,68195.06000000,0.00065000,1
1772524288910496500,1772524291603265,1772524291604721,BTCUSDT,68195.04000000,0.02000000,1
1772524288910633500,1772524291603265,1772524291604721,BTCUSDT,68195.02000000,0.00025000,1
1772524288911998500,1772524291604044,1772524291605161,BTCUSDT,68193.21000000,0.00132000,1
1772524288998699600,1772524291693307,1772524291693932,BTCUSDT,68193.21000000,0.02592000,1
1772524288998948000,1772524291693307,1772524291693936,BTCUSDT,68193.20000000,0.00057000,1
1772524288999072600,1772524291693307,1772524291693937,BTCUSDT,68193.14000000,0.00008000,1
1772524288999184400,1772524291693307,1772524291693938,BTCUSDT,68192.78000000,0.00223000,1
1772524289000349300,1772524291695048,1772524291695616,BTCUSDT,68192.56000000,0.00014000,1
1772524289000493700,1772524291695048,1772524291695620,BTCUSDT,68192.53000000,0.00008000,1
1772524289000607600,1772524291695048,1772524291695621,BTCUSDT,68192.33000000,0.00008000,1
1772524289019803400,1772524291700173,1772524291700890,BTCUSDT,68192.32000000,0.03246000,1
1772524289020036000,1772524291700173,1772524291700894,BTCUSDT,68192.31000000,0.00048000,1
1772524289039412000,1772524291729994,1772524291730665,BTCUSDT,68191.86000000,0.00291000,1
1772524289039587000,1772524291729994,1772524291730669,BTCUSDT,68191.85000000,0.00097000,1
1772524289039765700,1772524291732523,1772524291732998,BTCUSDT,68191.48000000,0.00064000,1
1772524289039900400,1772524291732523,1772524291733002,BTCUSDT,68191.47000000,0.00008000,1
1772524289040855600,1772524291734185,1772524291734763,BTCUSDT,68191.47000000,0.00040000,1
1772524289099614500,1772524291793992,1772524291794729,BTCUSDT,68189.29000000,0.00381000,1
1772524289099800200,1772524291793992,1772524291794733,BTCUSDT,68189.28000000,0.00040000,1
1772524289099919300,1772524291793992,1772524291794734,BTCUSDT,68188.26000000,0.00009000,1
1772524289100025300,1772524291793992,1772524291794734,BTCUSDT,68188.16000000,0.00009000,1
1772524289100131500,1772524291793992,1772524291794735,BTCUSDT,68187.68000000,0.00032000,1
1772524289254673200,1772524291947025,1772524291947758,BTCUSDT,68187.67000000,0.08017000,1
1772524289254855800,1772524291947025,1772524291947762,BTCUSDT,68187.66000000,0.00049000,1
1772524289254979600,1772524291947025,1772524291947763,BTCUSDT,68187.55000000,0.00032000,1
1772524289255088600,1772524291947025,1772524291947764,BTCUSDT,68187.54000000,0.01105000,1
1772524289255205800,1772524291947068,1772524291947790,BTCUSDT,68187.54000000,0.00920000,1
1772524289255392800,1772524291947316,1772524291948013,BTCUSDT,68186.10000000,0.00008000,1
1772524289255503300,1772524291947316,1772524291948016,BTCUSDT,68186.00000000,0.00020000,1
1772524289256706300,1772524291949636,1772524291950412,BTCUSDT,68185.60000000,0.00065000,1
1772524289256850400,1772524291949636,1772524291950416,BTCUSDT,68185.06000000,0.00008000,1
1772524289256928000,1772524291949636,1772524291950416,BTCUSDT,68184.95000000,0.00237000,1
1772524289257000900,1772524291949636,1772524291950419,BTCUSDT,68184.42000000,0.00008000,1
1772524289333309600,1772524292027720,1772524292028106,BTCUSDT,68184.41000000,0.00652000,1
1772524289588856700,1772524292283245,1772524292283607,BTCUSDT,68184.41000000,0.00014000,1
1772524290474836000,1772524293166915,1772524293167212,BTCUSDT,68184.42000000,0.00213000,0
1772524291101251300,1772524293792243,1772524293792529,BTCUSDT,68184.41000000,0.00011000,1
1772524291109754600,1772524293803966,1772524293804678,BTCUSDT,68184.41000000,0.03339000,1
1772524291109965700,1772524293803966,1772524293804683,BTCUSDT,68184.40000000,0.00072000,1
1772524291110173600,1772524293803966,1772524293804684,BTCUSDT,68184.34000000,0.00008000,1
1772524291110262100,1772524293803966,1772524293804684,BTCUSDT,68184.00000000,0.00020000,1
1772524291110339400,1772524293803966,1772524293804685,BTCUSDT,68183.48000000,0.01284000,1
1772524291110412300,1772524293803966,1772524293804686,BTCUSDT,68183.04000000,0.00009000,1
1772524291110483600,1772524293803966,1772524293804686,BTCUSDT,68182.76000000,0.00008000,1
1772524291110555500,1772524293803966,1772524293804687,BTCUSDT,68182.59000000,0.00008000,1
1772524291110626900,1772524293803966,1772524293804688,BTCUSDT,68182.58000000,0.00025000,1
1772524291110697400,1772524293803966,1772524293804688,BTCUSDT,68182.00000000,0.00020000,1
1772524291110768900,1772524293803966,1772524293804689,BTCUSDT,68181.94000000,0.00073000,1
1772524291110841900,1772524293803966,1772524293804698,BTCUSDT,68180.72000000,0.00159000,1
1772524291110912700,1772524293803966,1772524293804699,BTCUSDT,68180.48000000,0.00009000,1
1772524291110983100,1772524293803966,1772524293804700,BTCUSDT,68180.00000000,0.00020000,1
1772524291111066700,1772524293803966,1772524293804701,BTCUSDT,68179.68000000,0.00032000,1
1772524291111144200,1772524293803966,1772524293804701,BTCUSDT,68179.67000000,0.02716000,1
1772524291111218900,1772524293803966,1772524293804702,BTCUSDT,68179.66000000,0.00735000,1
1772524292573028900,1772524295267134,1772524295267418,BTCUSDT,68179.66000000,0.00011000,1
1772524292983399900,1772524295677590,1772524295677954,BTCUSDT,68179.67000000,0.00057000,0
1772524293154411600,1772524295847903,1772524295848290,BTCUSDT,68179.66000000,0.01420000,1
1772524293250479000,1772524295945146,1772524295945523,BTCUSDT,68179.66000000,0.07409000,1
1772524294846747900,1772524297541388,1772524297541774,BTCUSDT,68179.66000000,0.00011000,1
1772524294859291100,1772524297553926,1772524297554205,BTCUSDT,68179.66000000,0.08537000,1
1772524295741096200,1772524298432705,1772524298433000,BTCUSDT,68179.67000000,0.00315000,0
1772524296755835700,1772524299446300,1772524299446770,BTCUSDT,68179.66000000,0.06102000,1
1772524297402184400,1772524300095173,1772524300095665,BTCUSDT,68179.66000000,0.01585000,1
1772524297840582300,1772524300535016,1772524300535412,BTCUSDT,68179.66000000,0.00108000,1
1772524298151562100,1772524300845068,1772524300845367,BTCUSDT,68179.66000000,0.03549000,1
1772524298252350700,1772524300945553,1772524300945959,BTCUSDT,68179.66000000,0.06625000,1
1772524298594522500,1772524301287695,1772524301288000,BTCUSDT,68179.66000000,0.00011000,1
1772524298609473300,1772524301301032,1772524301301417,BTCUSDT,68179.66000000,0.08537000,1
1772524298721975200,1772524301416120,1772524301416419,BTCUSDT,68179.67000000,0.00171000,0
1772524299090562900,1772524301784728,1772524301785167,BTCUSDT,68179.66000000,0.00128000,1
1772524299749665700,1772524302443697,1772524302444140,BTCUSDT,68179.67000000,0.41588000,0
1772524299918304600,1772524302613571,1772524302613895,BTCUSDT,68179.67000000,0.01467000,0
1772524299995321200,1772524302690280,1772524302690742,BTCUSDT,68179.66000000,0.00707000,1
1772524300766372600,1772524303460120,1772524303461377,BTCUSDT,68179.66000000,0.00180000,1
1772524300766457000,1772524303460277,1772524303461685,BTCUSDT,68179.66000000,0.06754000,1
1772524300766509200,1772524303460311,1772524303461779,BTCUSDT,68179.66000000,0.04650000,1
1772524300770619600,1772524303462844,1772524303465490,BTCUSDT,68179.66000000,0.00141000,1
1772524300770749800,1772524303462844,1772524303465494,BTCUSDT,68179.65000000,0.00039000,1
1772524300774544200,1772524303466518,1772524303469024,BTCUSDT,68179.65000000,0.00105000,1
1772524300774627000,1772524303466518,1772524303469028,BTCUSDT,68179.42000000,0.00008000,1
1772524300774676600,1772524303466518,1772524303469029,BTCUSDT,68179.38000000,0.00008000,1
1772524300774724500,1772524303466518,1772524303469030,BTCUSDT,68179.37000000,0.00017000,1
1772524300825446600,1772524303520245,1772524303520900,BTCUSDT,68179.36000000,0.00418000,1
1772524300827284900,1772524303520245,1772524303520905,BTCUSDT,68179.35000000,0.00065000,1
1772524300827349500,1772524303520245,1772524303520905,BTCUSDT,68178.95000000,0.00008000,1
1772524300827399700,1772524303520245,1772524303520906,BTCUSDT,68178.04000000,0.00032000,1
1772524301464044900,1772524304159138,1772524304159433,BTCUSDT,68178.04000000,0.00753000,0
1772524302264515000,1772524304958893,1772524304959173,BTCUSDT,68178.04000000,0.04831000,0
1772524302348780200,1772524305043806,1772524305044119,BTCUSDT,68178.03000000,0.00011000,1
1772524302361152600,1772524305056204,1772524305056736,BTCUSDT,68178.03000000,0.03048000,1
1772524302361230400,1772524305056204,1772524305056740,BTCUSDT,68178.02000000,0.00056000,1
1772524302361274800,1772524305056204,1772524305056741,BTCUSDT,68178.00000000,0.00020000,1
1772524302361316400,1772524305056204,1772524305056742,BTCUSDT,68177.97000000,0.00032000,1
1772524302361359600,1772524305056204,1772524305056743,BTCUSDT,68177.96000000,0.05381000,1
1772524302469451600,1772524305164119,1772524305164387,BTCUSDT,68177.97000000,0.06000000,0
1772524303154148300,1772524305847627,1772524305848181,BTCUSDT,68177.96000000,0.02130000,1
1772524303266428500,1772524305961081,1772524305961495,BTCUSDT,68177.97000000,0.04897000,0
1772524304220636400,1772524306914851,1772524306915135,BTCUSDT,68177.97000000,0.00028000,0
1772524306096932500,1772524308792132,1772524308792424,BTCUSDT,68177.96000000,0.00011000,1
1772524306156232500,1772524308850990,1772524308851747,BTCUSDT,68177.96000000,0.08124000,1
1772524306156400800,1772524308850990,1772524308851753,BTCUSDT,68177.95000000,0.00057000,1
1772524306156472400,1772524308850990,1772524308851754,BTCUSDT,68177.92000000,0.00009000,1
1772524306156559400,1772524308850990,1772524308851755,BTCUSDT,68177.91000000,0.00025000,1
1772524306156653500,1772524308850990,1772524308851756,BTCUSDT,68177.59000000,0.00047000,1
1772524306156692400,1772524308850990,1772524308851757,BTCUSDT,68176.70000000,0.00015000,1
1772524306156727500,1772524308850990,1772524308851758,BTCUSDT,68176.08000000,0.00008000,1
1772524306156761100,1772524308850990,1772524308851758,BTCUSDT,68176.00000000,0.00040000,1
1772524306156793900,1772524308850990,1772524308851759,BTCUSDT,68175.72000000,0.00123000,1
1772524306156826400,1772524308850990,1772524308851760,BTCUSDT,68175.71000000,0.00015000,1
1772524306156858800,1772524308850990,1772524308851760,BTCUSDT,68175.55000000,0.00008000,1
1772524306156901100,1772524308850990,1772524308851761,BTCUSDT,68175.36000000,0.00009000,1
1772524306156938900,1772524308850990,1772524308851762,BTCUSDT,68175.07000000,0.00060000,1
1772524306668396400,1772524309362238,1772524309363098,BTCUSDT,68175.36000000,0.00363000,1
1772524306668482600,1772524309362238,1772524309363102,BTCUSDT,68175.35000000,0.00049000,1
1772524306668519500,1772524309362238,1772524309363103,BTCUSDT,68175.08000000,0.00079000,1
1772524306668554100,1772524309362238,1772524309363104,BTCUSDT,68175.07000000,0.00025000,1
1772524306668587800,1772524309362238,1772524309363105,BTCUSDT,68175.03000000,0.02000000,1
1772524306668620400,1772524309362238,1772524309363105,BTCUSDT,68174.84000000,0.00237000,1
1772524306668653300,1772524309362238,1772524309363106,BTCUSDT,68174.53000000,0.00008000,1
1772524306668688100,1772524309362238,1772524309363107,BTCUSDT,68174.52000000,0.00032000,1
1772524306785553400,1772524309475662,1772524309476314,BTCUSDT,68174.51000000,0.00375000,1
1772524306785714800,1772524309475662,1772524309476318,BTCUSDT,68174.50000000,0.00057000,1
1772524306785795400,1772524309475662,1772524309476319,BTCUSDT,68174.44000000,0.00008000,1
1772524306785861900,1772524309475662,1772524309476320,BTCUSDT,68174.21000000,0.00048000,1
1772524306785925700,1772524309475662,1772524309476320,BTCUSDT,68174.19000000,0.00008000,1
1772524306785988900,1772524309475662,1772524309476321,BTCUSDT,68174.00000000,0.00040000,1
1772524306786059500,1772524309475662,1772524309476322,BTCUSDT,68173.96000000,0.00355000,1
1772524306786154200,1772524309475662,1772524309476323,BTCUSDT,68173.26000000,0.00032000,1
1772524306868809200,1772524309561685,1772524309562015,BTCUSDT,68173.26000000,0.24493000,0
1772524307252252000,1772524309945889,1772524309946352,BTCUSDT,68173.26000000,0.00010000,0
1772524307411182700,1772524310102444,1772524310102895,BTCUSDT,68173.25000000,0.01586000,1
1772524307812094900,1772524310506623,1772524310507212,BTCUSDT,68173.25000000,0.00108000,1
1772524308151629800,1772524310846758,1772524310847156,BTCUSDT,68173.25000000,0.02840000,1
1772524308249785700,1772524310945070,1772524310945937,BTCUSDT,68173.25000000,0.01882000,1
1772524308250909700,1772524310945070,1772524310945941,BTCUSDT,68173.24000000,0.00071000,1
1772524308250976200,1772524310945070,1772524310945942,BTCUSDT,68172.83000000,0.00022000,1
1772524308251023100,1772524310945070,1772524310945943,BTCUSDT,68172.80000000,0.00009000,1
1772524308251067300,1772524310945070,1772524310945943,BTCUSDT,68172.74000000,0.00072000,1
1772524308251111900,1772524310945070,1772524310945944,BTCUSDT,68172.16000000,0.00008000,1
1772524308251156400,1772524310945070,1772524310945945,BTCUSDT,68172.00000000,0.00062000,1
1772524308251201300,1772524310945070,1772524310945945,BTCUSDT,68171.83000000,0.00016000,1
1772524308251244100,1772524310945070,1772524310945947,BTCUSDT,68171.59000000,0.00008000,1
1772524308251287700,1772524310945070,1772524310945948,BTCUSDT,68171.48000000,0.00008000,1
1772524308251331200,1772524310945070,1772524310945949,BTCUSDT,68170.28000000,0.00008000,1
1772524308251373800,1772524310945070,1772524310945950,BTCUSDT,68170.27000000,0.00032000,1
1772524308251418100,1772524310945070,1772524310945950,BTCUSDT,68170.26000000,0.03068000,1
1772524308251461900,1772524310945070,1772524310945951,BTCUSDT,68170.24000000,0.00009000,1
1772524308251505400,1772524310945070,1772524310945951,BTCUSDT,68170.12000000,0.00008000,1
1772524308251548300,1772524310945070,1772524310945952,BTCUSDT,68170.03000000,0.00033000,1
1772524308251595800,1772524310945070,1772524310945953,BTCUSDT,68170.01000000,0.00032000,1
1772524308251641900,1772524310945070,1772524310945953,BTCUSDT,68170.00000000,0.02454000,1
1772524309542839100,1772524312238081,1772524312238484,BTCUSDT,68170.00000000,0.00627000,1
1772524309834072400,1772524312528494,1772524312528989,BTCUSDT,68170.00000000,0.07945000,1
1772524309834208800,1772524312528494,1772524312528993,BTCUSDT,68169.99000000,0.00057000,1
1772524309834285100,1772524312528494,1772524312528994,BTCUSDT,68169.97000000,0.00008000,1
1772524309834358300,1772524312528494,1772524312528995,BTCUSDT,68169.96000000,0.00527000,1
1772524309877956300,1772524312572759,1772524312573057,BTCUSDT,68169.96000000,0.00011000,1
1772524311133868200,1772524313828556,1772524313828856,BTCUSDT,68169.97000000,0.00050000,0
1772524313150833900,1772524315846096,1772524315846694,BTCUSDT,68169.96000000,0.07099000,1
1772524313251178200,1772524315945380,1772524315946081,BTCUSDT,68169.96000000,0.08032000,1
1772524313515214000,1772524316210085,1772524316210381,BTCUSDT,68169.97000000,0.00146000,0
1772524313597148300,1772524316292108,1772524316292428,BTCUSDT,68169.96000000,0.00011000,1
1772524313611327400,1772524316305796,1772524316306168,BTCUSDT,68169.96000000,0.08537000,1
1772524313702288400,1772524316396677,1772524316397304,BTCUSDT,68169.96000000,0.00258000,1
1772524313702413800,1772524316397982,1772524316398550,BTCUSDT,68169.95000000,0.00080000,1
1772524313702474100,1772524316397982,1772524316398554,BTCUSDT,68169.89000000,0.00008000,1
1772524313702516700,1772524316397982,1772524316398555,BTCUSDT,68169.40000000,0.00075000,1
1772524313702557800,1772524316397982,1772524316398555,BTCUSDT,68169.14000000,0.00008000,1
1772524313728893000,1772524316424000,1772524316424652,BTCUSDT,68169.13000000,0.00209000,1
1772524313780770300,1772524316475868,1772524316476600,BTCUSDT,68169.12000000,0.00190000,1
1772524313780862100,1772524316475868,1772524316476604,BTCUSDT,68169.11000000,0.00040000,1
1772524313780908700,1772524316475870,1772524316476693,BTCUSDT,68168.22000000,0.00008000,1
1772524313780948400,1772524316475870,1772524316476697,BTCUSDT,68168.21000000,0.00008000,1
1772524313780986200,1772524316475870,1772524316476698,BTCUSDT,68168.20000000,0.00025000,1
1772524313781024400,1772524316475870,1772524316476698,BTCUSDT,68168.00000000,0.00105000,1
1772524313781065500,1772524316475870,1772524316476699,BTCUSDT,68167.71000000,0.00008000,1
1772524313781103200,1772524316475870,1772524316476700,BTCUSDT,68167.68000000,0.00009000,1
1772524313781140600,1772524316475870,1772524316476701,BTCUSDT,68167.44000000,0.00032000,1
1772524313781179500,1772524316475870,1772524316476702,BTCUSDT,68167.43000000,0.02016000,1
1772524313784165100,1772524316478232,1772524316479093,BTCUSDT,68166.73000000,0.00056000,1
1772524313784245900,1772524316478232,1772524316479097,BTCUSDT,68166.06000000,0.00008000,1
1772524313784287000,1772524316478232,1772524316479098,BTCUSDT,68166.00000000,0.00060000,1
1772524313784326800,1772524316478232,1772524316479098,BTCUSDT,68165.27000000,0.00008000,1
1772524314136893300,1772524316832239,1772524316832686,BTCUSDT,68165.26000000,0.00180000,1
1772524314141468000,1772524316835021,1772524316835735,BTCUSDT,68165.26000000,0.00215000,1
1772524314141520100,1772524316835021,1772524316835739,BTCUSDT,68165.25000000,0.00065000,1
1772524314141560800,1772524316835021,1772524316835741,BTCUSDT,68165.12000000,0.00009000,1
1772524314141600600,1772524316835021,1772524316835742,BTCUSDT,68164.72000000,0.00246000,1
1772524314141640000,1772524316835021,1772524316835742,BTCUSDT,68164.00000000,0.00060000,1
1772524314141678100,1772524316835021,1772524316835743,BTCUSDT,68163.82000000,0.00008000,1
1772524314141715900,1772524316835021,1772524316835744,BTCUSDT,68162.72000000,0.00008000,1
1772524314141758200,1772524316835021,1772524316835744,BTCUSDT,68162.63000000,0.00032000,1
1772524315353706800,1772524318040967,1772524318041275,BTCUSDT,68162.62000000,0.00034000,1
1772524315991768600,1772524318687155,1772524318687448,BTCUSDT,68162.62000000,0.00880000,1
1772524316120198600,1772524318814845,1772524318815149,BTCUSDT,68162.63000000,0.00254000,0
1772524316474721700,1772524319171328,1772524319171917,BTCUSDT,68162.62000000,0.01414000,1
1772524316477005400,1772524319171328,1772524319171921,BTCUSDT,68162.61000000,0.00072000,1
1772524316477073500,1772524319171328,1772524319171922,BTCUSDT,68162.56000000,0.00023000,1
1772524316477110000,1772524319171328,1772524319171923,BTCUSDT,68162.00000000,0.00069000,1
1772524316477151400,1772524319171328,1772524319171924,BTCUSDT,68161.73000000,0.00012000,1
1772524316550907000,1772524319245847,1772524319246228,BTCUSDT,68161.06000000,0.00158000,0
1772524316618008300,1772524319312877,1772524319313186,BTCUSDT,68161.05000000,0.00074000,1
1772524317144105600,1772524319839049,1772524319839792,BTCUSDT,68161.06000000,0.00499000,0
1772524317144206500,1772524319839049,1772524319839797,BTCUSDT,68161.07000000,0.00041000,0
1772524317144259900,1772524319839049,1772524319839798,BTCUSDT,68162.56000000,0.00032000,0
1772524317363371900,1772524320058595,1772524320058872,BTCUSDT,68162.56000000,0.00011000,1
1772524317375605800,1772524320071348,1772524320071776,BTCUSDT,68162.56000000,0.08537000,1
1772524317657847900,1772524320352908,1772524320353191,BTCUSDT,68162.56000000,0.01585000,1
1772524317708537900,1772524320404549,1772524320404867,BTCUSDT,68162.56000000,0.00146000,1
1772524317758716300,1772524320453245,1772524320453705,BTCUSDT,68162.57000000,0.00200000,0
1772524317758854000,1772524320453451,1772524320453771,BTCUSDT,68162.57000000,0.00200000,0
1772524317760228000,1772524320456256,1772524320456726,BTCUSDT,68162.56000000,0.00108000,1
1772524317807250600,1772524320501894,1772524320502529,BTCUSDT,68162.57000000,0.00218000,0
1772524317807338100,1772524320501894,1772524320502533,BTCUSDT,68162.58000000,0.00049000,0
1772524317807377700,1772524320501894,1772524320502535,BTCUSDT,68162.62000000,0.00008000,0
1772524317807412300,1772524320501894,1772524320502535,BTCUSDT,68162.63000000,0.00881000,0
1772524317807446600,1772524320501894,1772524320502536,BTCUSDT,68162.71000000,0.00008000,0
1772524317807479300,1772524320501894,1772524320502537,BTCUSDT,68162.72000000,0.00008000,0
1772524317807516700,1772524320501894,1772524320502537,BTCUSDT,68163.80000000,0.00032000,0
1772524318120514500,1772524320815470,1772524320816134,BTCUSDT,68163.81000000,0.00893000,0
1772524318120600000,1772524320815470,1772524320816139,BTCUSDT,68163.82000000,0.00008000,0
1772524318120637000,1772524320815470,1772524320816140,BTCUSDT,68163.88000000,0.00008000,0
1772524318120670000,1772524320815470,1772524320816141,BTCUSDT,68164.21000000,0.00008000,0
1772524318120703700,1772524320815470,1772524320816141,BTCUSDT,68164.22000000,0.00016000,0
1772524318120739900,1772524320815470,1772524320816143,BTCUSDT,68165.62000000,0.00032000,0
1772524318152155300,1772524320847104,1772524320847442,BTCUSDT,68165.62000000,0.01420000,1
1772524318685688100,1772524321381053,1772524321381469,BTCUSDT,68165.63000000,0.00540000,0
1772524318858543100,1772524321553169,1772524321553543,BTCUSDT,68165.62000000,0.00029000,1
1772524318952591900,1772524321648185,1772524321648478,BTCUSDT,68165.63000000,0.00010000,0
1772524318998684900,1772524321694270,1772524321694672,BTCUSDT,68165.62000000,0.00040000,1
1772524319941512800,1772524322637014,1772524322637383,BTCUSDT,68165.63000000,0.00440000,0
1772524320160580600,1772524322855907,1772524322856451,BTCUSDT,68165.62000000,0.21728000,1
1772524320393042100,1772524323087743,1772524323088039,BTCUSDT,68165.62000000,0.00716000,1
1772524321094894000,1772524323789911,1772524323790227,BTCUSDT,68165.62000000,0.00011000,1
1772524321107723600,1772524323803512,1772524323803817,BTCUSDT,68165.62000000,0.08537000,1
1772524321975098500,1772524324669847,1772524324670186,BTCUSDT,68165.62000000,0.00193000,1
1772524322270450900,1772524324966402,1772524324966770,BTCUSDT,68165.63000000,0.04274000,0
1772524322376540300,1772524325071267,1772524325071638,BTCUSDT,68165.63000000,0.00029000,0
1772524322939824800,1772524325634824,1772524325635155,BTCUSDT,68165.63000000,0.00129000,0
1772524323163392200,1772524325847552,1772524325847878,BTCUSDT,68165.62000000,0.03550000,1
1772524323208307100,1772524325904142,1772524325904944,BTCUSDT,68165.62000000,0.01538000,1
1772524323208417000,1772524325904142,1772524325904948,BTCUSDT,68165.61000000,0.00065000,1
1772524323208455900,1772524325904142,1772524325904949,BTCUSDT,68165.36000000,0.00008000,1
1772524323208491300,1772524325904142,1772524325904950,BTCUSDT,68164.51000000,0.00120000,1
1772524323249235900,1772524325945156,1772524325945610,BTCUSDT,68164.00000000,0.07337000,1
1772524323293043500,1772524325987534,1772524325988124,BTCUSDT,68164.00000000,0.02310000,1
1772524323306511600,1772524326000929,1772524326001711,BTCUSDT,68163.99000000,0.00246000,1
1772524323306598400,1772524326000929,1772524326001715,BTCUSDT,68163.98000000,0.00048000,1
1772524323306635700,1772524326000929,1772524326001716,BTCUSDT,68163.93000000,0.00008000,1
1772524323306669200,1772524326000929,1772524326001717,BTCUSDT,68163.82000000,0.00008000,1
1772524323306702400,1772524326000929,1772524326001718,BTCUSDT,68163.81000000,0.00017000,1
1772524323306734800,1772524326000929,1772524326001718,BTCUSDT,68163.80000000,0.00655000,1
1772524323306767500,1772524326000929,1772524326001719,BTCUSDT,68163.53000000,0.00008000,1
1772524323306800600,1772524326000929,1772524326001720,BTCUSDT,68163.52000000,0.00016000,1
1772524323306833400,1772524326000929,1772524326001721,BTCUSDT,68163.49000000,0.00016000,1
1772524323306868400,1772524326000929,1772524326001722,BTCUSDT,68163.44000000,0.00016000,1
1772524323308492900,1772524326003616,1772524326004195,BTCUSDT,68163.43000000,0.00072000,1
1772524323308565000,1772524326003616,1772524326004199,BTCUSDT,68162.72000000,0.00024000,1
1772524323308602600,1772524326003616,1772524326004200,BTCUSDT,68162.71000000,0.00016000,1
1772524323308635800,1772524326004050,1772524326004695,BTCUSDT,68162.14000000,0.00016000,1
1772524323308670000,1772524326004050,1772524326004699,BTCUSDT,68162.12000000,0.00016000,1
1772524323309633300,1772524326004468,1772524326005146,BTCUSDT,68160.94000000,0.07000000,1
1772524323309675200,1772524326004468,1772524326005149,BTCUSDT,68160.85000000,0.00032000,1
1772524323309709400,1772524326004468,1772524326005150,BTCUSDT,68160.84000000,0.05445000,1
1772524323309743500,1772524326004605,1772524326005195,BTCUSDT,68160.84000000,0.02571000,1
1772524323313346900,1772524326007718,1772524326009331,BTCUSDT,68160.04000000,0.00270000,1
1772524323571399800,1772524326267241,1772524326267819,BTCUSDT,68160.04000000,0.00864000,1
1772524323571488500,1772524326267241,1772524326267823,BTCUSDT,68160.03000000,0.00049000,1
1772524323571530800,1772524326267241,1772524326267823,BTCUSDT,68160.00000000,0.00078000,1
1772524323571572200,1772524326267241,1772524326267824,BTCUSDT,68159.38000000,0.00008000,1
1772524323571612500,1772524326267241,1772524326267825,BTCUSDT,68158.53000000,0.00032000,1
1772524323687076600,1772524326379992,1772524326380499,BTCUSDT,68158.52000000,0.00014000,1
1772524324203498100,1772524326899193,1772524326899558,BTCUSDT,68158.53000000,0.00129000,0
1772524324231559300,1772524326926728,1772524326927008,BTCUSDT,68158.53000000,0.00020000,0
1772524324837739200,1772524327533376,1772524327533809,BTCUSDT,68158.52000000,0.00011000,1
1772524324850682600,1772524327546253,1772524327546851,BTCUSDT,68158.52000000,0.08537000,1
1772524325260552700,1772524327955179,1772524327955491,BTCUSDT,68158.52000000,0.00020000,1
1772524325487999200,1772524328183482,1772524328183765,BTCUSDT,68158.53000000,0.00129000,0
1772524326353107500,1772524329048885,1772524329049232,BTCUSDT,68158.52000000,0.00220000,1
1772524327439418700,1772524330135465,1772524330135853,BTCUSDT,68158.53000000,0.03742000,0
1772524327443066300,1772524330138723,1772524330139349,BTCUSDT,68158.53000000,0.00174000,0
1772524327443218600,1772524330138723,1772524330139354,BTCUSDT,68158.54000000,0.00032000,0
1772524327443295500,1772524330138723,1772524330139355,BTCUSDT,68158.56000000,0.00008000,0
1772524327443360800,1772524330138723,1772524330139356,BTCUSDT,68159.38000000,0.00008000,0
1772524327443427400,1772524330138723,1772524330139357,BTCUSDT,68159.90000000,0.00032000,0
1772524327494317400,1772524330190018,1772524330190597,BTCUSDT,68159.91000000,0.00136000,0
1772524327494529900,1772524330190018,1772524330190601,BTCUSDT,68159.92000000,0.00056000,0
1772524327494635200,1772524330190018,1772524330190602,BTCUSDT,68159.98000000,0.00008000,0
1772524327494683800,1772524330190018,1772524330190603,BTCUSDT,68162.63000000,0.00008000,0
1772524327508963300,1772524330204678,1772524330204986,BTCUSDT,68162.63000000,0.00011000,1
1772524327546505100,1772524330241960,1772524330242356,BTCUSDT,68162.63000000,0.00057000,1
1772524327715851300,1772524330411578,1772524330411930,BTCUSDT,68162.63000000,0.01586000,1
1772524327803168400,1772524330497814,1772524330498200,BTCUSDT,68162.63000000,0.00108000,1
1772524328155545500,1772524330850913,1772524330851222,BTCUSDT,68162.63000000,0.05679000,1
1772524328249683700,1772524330945223,1772524330945498,BTCUSDT,68162.63000000,0.07236000,1
1772524328595538200,1772524331291291,1772524331291589,BTCUSDT,68162.63000000,0.00011000,1
1772524328608622500,1772524331304050,1772524331304405,BTCUSDT,68162.63000000,0.08537000,1
1772524328643453600,1772524331338827,1772524331339160,BTCUSDT,68162.63000000,0.00240000,1
1772524328902551500,1772524331598448,1772524331598751,BTCUSDT,68162.63000000,0.00610000,1
1772524329262611700,1772524331957355,1772524331957726,BTCUSDT,68162.64000000,0.00074000,0
1772524329632851600,1772524332328004,1772524332328297,BTCUSDT,68162.63000000,0.00733000,1
1772524329929138300,1772524332623038,1772524332623353,BTCUSDT,68162.63000000,0.00618000,1
1772524330190468400,1772524332886547,1772524332886823,BTCUSDT,68162.63000000,0.00100000,1
1772524330261184800,1772524332953547,1772524332953959,BTCUSDT,68162.64000000,0.00100000,0
1772524330261424900,1772524332953717,1772524332954161,BTCUSDT,68162.64000000,0.00018000,0
1772524330330932400,1772524333026302,1772524333026841,BTCUSDT,68162.64000000,0.06822000,0
1772524330331554200,1772524333026302,1772524333026845,BTCUSDT,68162.65000000,0.00117000,0
1772524330331778700,1772524333026302,1772524333026846,BTCUSDT,68162.72000000,0.00325000,0
1772524330339967300,1772524333027915,1772524333028255,BTCUSDT,68163.10000000,0.00100000,0
1772524330340191500,1772524333028238,1772524333028649,BTCUSDT,68163.51000000,0.00141000,0
1772524330340441900,1772524333031861,1772524333032197,BTCUSDT,68163.94000000,0.00015000,0
1772524330344046300,1772524333040143,1772524333040545,BTCUSDT,68163.94000000,0.00056000,0
1772524330344240400,1772524333040143,1772524333040549,BTCUSDT,68163.95000000,0.00016000,0
1772524330344378100,1772524333040143,1772524333040550,BTCUSDT,68163.99000000,0.00001000,0
1772524330349315400,1772524333044743,1772524333045083,BTCUSDT,68164.00000000,0.00056000,0
1772524330349482000,1772524333044743,1772524333045087,BTCUSDT,68164.01000000,0.00044000,0
1772524330354374800,1772524333050174,1772524333050526,BTCUSDT,68164.01000000,0.00278000,0
1772524330354590700,1772524333050174,1772524333050530,BTCUSDT,68164.02000000,0.00008000,0
1772524330360548500,1772524333056281,1772524333056668,BTCUSDT,68165.11000000,0.00064000,0
1772524330360905700,1772524333056281,1772524333056672,BTCUSDT,68165.12000000,0.00009000,0
1772524330361264400,1772524333057549,1772524333057947,BTCUSDT,68165.12000000,0.00016000,0
1772524330361628000,1772524333058448,1772524333058889,BTCUSDT,68166.06000000,0.00040000,0
1772524330364497200,1772524333058448,1772524333058894,BTCUSDT,68167.16000000,0.00012000,0
1772524330364819800,1772524333058448,1772524333058895,BTCUSDT,68167.68000000,0.00009000,0
1772524330365037600,1772524333058448,1772524333058895,BTCUSDT,68168.00000000,0.00020000,0
1772524330365156700,1772524333058448,1772524333058896,BTCUSDT,68168.55000000,0.00015000,0
1772524330365275900,1772524333058448,1772524333058897,BTCUSDT,68169.40000000,0.00004000,0
1772524330370287100,1772524333065739,1772524333066170,BTCUSDT,68169.40000000,0.00072000,0
1772524330370601000,1772524333065739,1772524333066174,BTCUSDT,68169.41000000,0.00032000,0
1772524330381707200,1772524333077451,1772524333077835,BTCUSDT,68169.40000000,0.00074000,0
1772524330383334400,1772524333079059,1772524333079474,BTCUSDT,68169.40000000,0.00062000,0
1772524330383532500,1772524333079059,1772524333079478,BTCUSDT,68169.41000000,0.00056000,0
1772524330383740200,1772524333080452,1772524333080876,BTCUSDT,68169.99000000,0.00064000,0
1772524330383905800,1772524333080452,1772524333080880,BTCUSDT,68170.00000000,0.00036000,0
1772524330403416700,1772524333098454,1772524333099074,BTCUSDT,68170.00000000,0.00908000,0
1772524330433738600,1772524333129236,1772524333129817,BTCUSDT,68170.00000000,0.00834000,0
1772524330433983100,1772524333129236,1772524333129821,BTCUSDT,68170.01000000,0.00016000,0
1772524330434151900,1772524333129236,1772524333129822,BTCUSDT,68170.24000000,0.00009000,0
1772524330439293800,1772524333135197,1772524333135654,BTCUSDT,68171.57000000,0.00096000,0
1772524331810814200,1772524334506266,1772524334506762,BTCUSDT,68171.58000000,0.00239000,0
1772524331810928500,1772524334506266,1772524334506769,BTCUSDT,68171.59000000,0.00056000,0
1772524331811042200,1772524334506266,1772524334506770,BTCUSDT,68171.65000000,0.00008000,0
1772524331811079200,1772524334506266,1772524334506771,BTCUSDT,68172.00000000,0.00020000,0
1772524331811113800,1772524334506266,1772524334506772,BTCUSDT,68172.15000000,0.00008000,0
1772524331811147100,1772524334506266,1772524334506773,BTCUSDT,68172.74000000,0.00083000,0
1772524331811180600,1772524334506266,1772524334506773,BTCUSDT,68172.80000000,0.00009000,0
1772524331811213300,1772524334506266,1772524334506774,BTCUSDT,68172.82000000,0.00008000,0
1772524331811246300,1772524334506266,1772524334506774,BTCUSDT,68173.98000000,0.00012000,0
1772524331811285100,1772524334506266,1772524334506775,BTCUSDT,68174.00000000,0.00020000,0
1772524331811319800,1772524334506266,1772524334506776,BTCUSDT,68174.18000000,0.00008000,0
1772524331811353700,1772524334506266,1772524334506777,BTCUSDT,68174.28000000,0.00032000,0
1772524331811388200,1772524334506266,1772524334506777,BTCUSDT,68174.29000000,0.00516000,0
1772524332350453300,1772524335045141,1772524335045462,BTCUSDT,68174.28000000,0.00011000,1
1772524332363062500,1772524335058602,1772524335058888,BTCUSDT,68174.28000000,0.08537000,1
1772524332472322500,1772524335167779,1772524335168186,BTCUSDT,68174.29000000,0.00010000,0
1772524332568595100,1772524335264261,1772524335264537,BTCUSDT,68174.29000000,0.00015000,0
1772524332821244600,1772524335516150,1772524335516461,BTCUSDT,68174.29000000,0.00019000,0
1772524332997943000,1772524335685327,1772524335685643,BTCUSDT,68174.28000000,0.00020000,1
1772524333059887100,1772524335754395,1772524335754673,BTCUSDT,68174.29000000,0.00240000,0
1772524333151193800,1772524335842287,1772524335842650,BTCUSDT,68174.29000000,0.00043000,0
1772524333159942400,1772524335847727,1772524335848054,BTCUSDT,68174.28000000,0.03550000,1
1772524333249410800,1772524335945203,1772524335945473,BTCUSDT,68174.28000000,0.05723000,1
1772524333353795500,1772524336050041,1772524336050647,BTCUSDT,68174.29000000,0.04787000,0
1772524333392584500,1772524336087905,1772524336088253,BTCUSDT,68174.29000000,0.00020000,1
1772524333476711300,1772524336171470,1772524336171945,BTCUSDT,68174.30000000,0.00037000,0
1772524333627200300,1772524336320627,1772524336321081,BTCUSDT,68174.30000000,0.00123000,0
1772524333627378500,1772524336320627,1772524336321084,BTCUSDT,68174.31000000,0.00056000,0
1772524333627644800,1772524336320627,1772524336321085,BTCUSDT,68174.36000000,0.00008000,0
1772524333627922100,1772524336320627,1772524336321086,BTCUSDT,68174.76000000,0.00008000,0
1772524333628278900,1772524336320627,1772524336321087,BTCUSDT,68174.77000000,0.00147000,0
1772524333674818500,1772524336369802,1772524336370189,BTCUSDT,68174.77000000,0.00073000,0
1772524333688240000,1772524336383541,1772524336384028,BTCUSDT,68174.77000000,0.00073000,0
1772524333689893700,1772524336385542,1772524336386057,BTCUSDT,68174.77000000,0.00100000,0
1772524333794564700,1772524336483666,1772524336484059,BTCUSDT,68174.77000000,0.00074000,0
1772524333794697800,1772524336486200,1772524336486523,BTCUSDT,68174.77000000,0.00100000,0
1772524333884330100,1772524336579791,1772524336580062,BTCUSDT,68174.77000000,0.00045000,0
1772524334350119800,1772524337046137,1772524337046618,BTCUSDT,68174.77000000,0.00014000,0
1772524334583051300,1772524337278675,1772524337279196,BTCUSDT,68174.77000000,0.00344000,0
1772524334583139000,1772524337278675,1772524337279201,BTCUSDT,68174.78000000,0.00040000,0
1772524334583242200,1772524337278675,1772524337279202,BTCUSDT,68174.84000000,0.00245000,0
1772524334583277500,1772524337278675,1772524337279203,BTCUSDT,68174.86000000,0.00008000,0
1772524334583310600,1772524337278675,1772524337279204,BTCUSDT,68175.36000000,0.00009000,0
1772524334583344200,1772524337278675,1772524337279206,BTCUSDT,68176.00000000,0.00020000,0
1772524334583377100,1772524337278675,1772524337279207,BTCUSDT,68176.08000000,0.00008000,0
1772524334583409800,1772524337278675,1772524337279208,BTCUSDT,68176.22000000,0.00008000,0
1772524334583445300,1772524337278675,1772524337279208,BTCUSDT,68176.52000000,0.00032000,0
1772524334683970900,1772524337379619,1772524337379989,BTCUSDT,68176.53000000,0.00030000,0
1772524335030945900,1772524337727481,1772524337727817,BTCUSDT,68176.52000000,0.00015000,1
1772524335089199100,1772524337784712,1772524337785116,BTCUSDT,68176.53000000,0.00030000,0
1772524335164853300,1772524337859960,1772524337860451,BTCUSDT,68176.53000000,0.00220000,0
1772524335284089100,1772524337980429,1772524337980706,BTCUSDT,68176.53000000,0.00015000,0
1772524335368440600,1772524338064212,1772524338064515,BTCUSDT,68176.53000000,0.00016000,0
1772524336105307200,1772524338800863,1772524338801292,BTCUSDT,68176.52000000,0.00011000,1
1772524336117941100,1772524338814061,1772524338814424,BTCUSDT,68176.52000000,0.08537000,1
1772524336247385400,1772524338943105,1772524338943496,BTCUSDT,68176.52000000,0.00220000,1
1772524337073462000,1772524339768777,1772524339769127,BTCUSDT,68176.53000000,0.00073000,0
1772524337074914400,1772524339771145,1772524339771422,BTCUSDT,68176.53000000,0.00100000,0
1772524337133219900,1772524339828758,1772524339829281,BTCUSDT,68176.53000000,0.00901000,0
1772524337133309900,1772524339828758,1772524339829285,BTCUSDT,68176.54000000,0.00079000,0
1772524337133346900,1772524339828758,1772524339829286,BTCUSDT,68176.60000000,0.00022000,0
1772524337133382000,1772524339828758,1772524339829286,BTCUSDT,68176.90000000,0.00008000,0
1772524337133414700,1772524339828758,1772524339829287,BTCUSDT,68177.61000000,0.00008000,0
1772524337133446800,1772524339828758,1772524339829288,BTCUSDT,68177.62000000,0.00816000,0
1772524337133479500,1772524339828758,1772524339829289,BTCUSDT,68177.92000000,0.00009000,0
1772524337133511400,1772524339828758,1772524339829289,BTCUSDT,68177.96000000,0.00008000,0
1772524337133547000,1772524339828758,1772524339829290,BTCUSDT,68177.97000000,0.00149000,0
1772524337169677800,1772524339866518,1772524339866865,BTCUSDT,68177.97000000,0.00100000,0
1772524337258864200,1772524339954650,1772524339955269,BTCUSDT,68177.97000000,0.03231000,0
1772524337258951400,1772524339954650,1772524339955273,BTCUSDT,68177.98000000,0.00032000,0
1772524337258988400,1772524339954650,1772524339955274,BTCUSDT,68178.00000000,0.00040000,0
1772524337259022600,1772524339954650,1772524339955277,BTCUSDT,68178.03000000,0.00032000,0
1772524337259059300,1772524339954650,1772524339955278,BTCUSDT,68178.04000000,0.01643000,0
1772524337400160000,1772524340095879,1772524340096169,BTCUSDT,68178.03000000,0.01585000,1
1772524337630925900,1772524340326103,1772524340326395,BTCUSDT,68178.03000000,0.00080000,1
1772524337638916200,1772524340335097,1772524340335377,BTCUSDT,68178.03000000,0.00220000,1
1772524337734017600,1772524340430037,1772524340430322,BTCUSDT,68178.03000000,0.00108000,1
1772524338153197000,1772524340848837,1772524340849149,BTCUSDT,68178.03000000,0.04259000,1
1772524338249648800,1772524340945015,1772524340945369,BTCUSDT,68178.03000000,0.06845000,1
1772524338981237000,1772524341676875,1772524341677168,BTCUSDT,68178.04000000,0.00883000,0
1772524339319135200,1772524342012629,1772524342012955,BTCUSDT,68178.03000000,0.00248000,1
1772524339319466900,1772524342014602,1772524342014873,BTCUSDT,68178.03000000,0.00248000,1
1772524339405953600,1772524342093090,1772524342093382,BTCUSDT,68178.03000000,0.00243000,1
1772524339835477000,1772524342531236,1772524342531511,BTCUSDT,68178.03000000,0.00011000,1
1772524339902114600,1772524342597567,1772524342597955,BTCUSDT,68178.03000000,0.08538000,1
1772524340087567900,1772524342782955,1772524342783231,BTCUSDT,68178.04000000,0.00010000,0
1772524340365509600,1772524343059948,1772524343060280,BTCUSDT,68178.03000000,0.00029000,1
1772524340576306300,1772524343272070,1772524343272362,BTCUSDT,68178.03000000,0.00709000,1
1772524340590023600,1772524343285447,1772524343285719,BTCUSDT,68178.03000000,0.00120000,1
1772524341258579300,1772524343954601,1772524343954886,BTCUSDT,68178.04000000,0.00010000,0
1772524343162255000,1772524345850135,1772524345850411,BTCUSDT,68178.03000000,0.03550000,1
1772524343577126100,1772524346273432,1772524346273717,BTCUSDT,68178.03000000,0.08536000,1
1772524343596921400,1772524346292432,1772524346292766,BTCUSDT,68178.03000000,0.00500000,1
1772524343632545800,1772524346328050,1772524346328328,BTCUSDT,68178.03000000,0.00011000,1
1772524344205790400,1772524346901837,1772524346902152,BTCUSDT,68178.03000000,0.00360000,1
1772524345557470900,1772524348253684,1772524348253991,BTCUSDT,68178.03000000,0.00540000,1
1772524346154165400,1772524348849983,1772524348850487,BTCUSDT,68178.03000000,0.00060000,1
1772524346431230600,1772524349122926,1772524349125295,BTCUSDT,68178.03000000,0.27451000,1
1772524346431394200,1772524349122983,1772524349125745,BTCUSDT,68178.03000000,0.33635000,1
1772524346431490000,1772524349122983,1772524349125749,BTCUSDT,68178.02000000,0.00072000,1
1772524346431592100,1772524349122983,1772524349125749,BTCUSDT,68177.96000000,0.00139000,1
1772524346436270800,1772524349126895,1772524349130542,BTCUSDT,68176.99000000,0.00032000,1
1772524346436632800,1772524349126895,1772524349130546,BTCUSDT,68176.98000000,0.00040000,1
1772524346436733300,1772524349126895,1772524349130546,BTCUSDT,68176.97000000,0.02219000,1
1772524346436822100,1772524349126895,1772524349130547,BTCUSDT,68176.95000000,0.00024000,1
1772524346436907200,1772524349126895,1772524349130547,BTCUSDT,68176.94000000,0.00016000,1
1772524346437068000,1772524349126895,1772524349130548,BTCUSDT,68176.55000000,0.00024000,1
1772524346437158500,1772524349126895,1772524349130548,BTCUSDT,68176.54000000,0.00016000,1
1772524346437250300,1772524349126895,1772524349130549,BTCUSDT,68176.08000000,0.00008000,1
1772524346444111200,1772524349134799,1772524349138866,BTCUSDT,68175.44000000,0.00449000,1
1772524346446421700,1772524349137999,1772524349141578,BTCUSDT,68175.44000000,0.03590000,1
1772524346448927800,1772524349142112,1772524349145510,BTCUSDT,68175.44000000,0.04878000,1
1772524346449060900,1772524349142144,1772524349145629,BTCUSDT,68175.44000000,0.08962000,1
1772524346451004300,1772524349143910,1772524349147382,BTCUSDT,68175.44000000,0.02040000,1
1772524346452662100,1772524349145174,1772524349148830,BTCUSDT,68175.44000000,0.27278000,1
1772524346452778900,1772524349145174,1772524349148834,BTCUSDT,68175.43000000,0.00048000,1
1772524346452871100,1772524349145174,1772524349148834,BTCUSDT,68175.11000000,0.00032000,1
1772524346452961100,1772524349145174,1772524349148835,BTCUSDT,68175.10000000,0.00025000,1
1772524346463126400,1772524349155985,1772524349159764,BTCUSDT,68174.81000000,0.00484000,0
1772524346468584800,1772524349162001,1772524349164137,BTCUSDT,68174.80000000,0.00221000,1
1772524346468925600,1772524349162001,1772524349164141,BTCUSDT,68174.79000000,0.00057000,1
1772524346469106000,1772524349162001,1772524349164142,BTCUSDT,68174.31000000,0.00008000,1
1772524346519996300,1772524349216201,1772524349216850,BTCUSDT,68174.30000000,0.00225000,1
1772524346520153500,1772524349216201,1772524349216855,BTCUSDT,68174.29000000,0.01118000,1
1772524346520248000,1772524349216201,1772524349216856,BTCUSDT,68174.28000000,0.00008000,1
1772524346520335900,1772524349216201,1772524349216857,BTCUSDT,68173.93000000,0.00008000,1
1772524346520420800,1772524349216201,1772524349216857,BTCUSDT,68173.03000000,0.00008000,1
1772524346520506200,1772524349216201,1772524349216858,BTCUSDT,68172.80000000,0.00009000,1
1772524346520593700,1772524349216201,1772524349216858,BTCUSDT,68172.74000000,0.00008000,1
1772524346560758800,1772524349256308,1772524349256760,BTCUSDT,68171.94000000,0.00448000,1
1772524346561077500,1772524349256308,1772524349256764,BTCUSDT,68171.93000000,0.00024000,1
1772524346561277600,1772524349256308,1772524349256765,BTCUSDT,68171.57000000,0.00254000,1
1772524346561468100,1772524349256308,1772524349256765,BTCUSDT,68171.48000000,0.00008000,1
1772524346561651800,1772524349256369,1772524349256840,BTCUSDT,68170.86000000,0.00055000,1
1772524346561840600,1772524349256369,1772524349256844,BTCUSDT,68170.80000000,0.00039000,1
1772524346562101700,1772524349256369,1772524349256844,BTCUSDT,68170.24000000,0.00009000,1
1772524346562334500,1772524349256369,1772524349256845,BTCUSDT,68170.00000000,0.00020000,1
1772524346562454100,1772524349256369,1772524349256845,BTCUSDT,68169.80000000,0.00237000,1
1772524346562573400,1772524349256369,1772524349256847,BTCUSDT,68169.40000000,0.00008000,1
1772524346562770900,1772524349256941,1772524349257483,BTCUSDT,68168.02000000,0.00015000,1
1772524346562860700,1772524349256941,1772524349257487,BTCUSDT,68168.00000000,0.00020000,1
1772524346562946100,1772524349256941,1772524349257488,BTCUSDT,68167.68000000,0.00009000,1
1772524346563030600,1772524349256941,1772524349257489,BTCUSDT,68167.67000000,0.00032000,1
1772524346563116300,1772524349256941,1772524349257490,BTCUSDT,68167.66000000,0.01016000,1
1772524346598547600,1772524349294333,1772524349294849,BTCUSDT,68166.97000000,0.00190000,1
1772524346598830300,1772524349294333,1772524349294853,BTCUSDT,68166.96000000,0.00065000,1
1772524346599064300,1772524349294333,1772524349294853,BTCUSDT,68166.95000000,0.00009000,1
1772524346600122700,1772524349296053,1772524349296504,BTCUSDT,68166.33000000,0.00024000,1
1772524346600324200,1772524349296053,1772524349296508,BTCUSDT,68166.32000000,0.00024000,1
1772524346600421600,1772524349296053,1772524349296509,BTCUSDT,68166.06000000,0.00016000,1
1772524346600512800,1772524349296053,1772524349296510,BTCUSDT,68166.05000000,0.00016000,1
1772524347362893300,1772524350058444,1772524350058987,BTCUSDT,68166.00000000,0.00011000,1
1772524347374988400,1772524350070489,1772524350071201,BTCUSDT,68166.00000000,0.05127000,1
1772524347375185500,1772524350070489,1772524350071206,BTCUSDT,68165.99000000,0.00033000,1
1772524347375245300,1772524350070489,1772524350071207,BTCUSDT,68165.93000000,0.00008000,1
1772524347375284700,1772524350070489,1772524350071208,BTCUSDT,68165.74000000,0.00407000,1
1772524347375320100,1772524350070489,1772524350071209,BTCUSDT,68165.12000000,0.00009000,1
1772524347375354000,1772524350070489,1772524350071209,BTCUSDT,68164.00000000,0.00020000,1
1772524347375387000,1772524350070489,1772524350071210,BTCUSDT,68163.98000000,0.00356000,1
1772524347375418900,1772524350070489,1772524350071211,BTCUSDT,68163.82000000,0.00008000,1
1772524347375453900,1772524350070489,1772524350071211,BTCUSDT,68163.32000000,0.00008000,1
1772524347375486200,1772524350070489,1772524350071212,BTCUSDT,68162.72000000,0.00008000,1
1772524347375518200,1772524350070489,1772524350071213,BTCUSDT,68162.63000000,0.00057000,1
1772524347375550900,1772524350070489,1772524350071216,BTCUSDT,68162.56000000,0.00009000,1
1772524347375583100,1772524350070489,1772524350071219,BTCUSDT,68162.00000000,0.00020000,1
1772524347375615300,1772524350070489,1772524350071220,BTCUSDT,68161.80000000,0.00030000,1
1772524347375647100,1772524350070489,1772524350071221,BTCUSDT,68161.49000000,0.00015000,1
1772524347375679300,1772524350070489,1772524350071222,BTCUSDT,68160.00000000,0.00049000,1
1772524347375712300,1772524350070489,1772524350071223,BTCUSDT,68159.94000000,0.00008000,1
1772524347375745400,1772524350070489,1772524350071223,BTCUSDT,68159.71000000,0.00237000,1
1772524347375780600,1772524350070489,1772524350071224,BTCUSDT,68159.63000000,0.00009000,1
1772524347375813800,1772524350070489,1772524350071225,BTCUSDT,68159.38000000,0.00008000,1
1772524347375848200,1772524350070489,1772524350071225,BTCUSDT,68159.20000000,0.00147000,1
1772524347375880400,1772524350070489,1772524350071227,BTCUSDT,68158.72000000,0.00032000,1
1772524347375919200,1772524350070489,1772524350071228,BTCUSDT,68158.71000000,0.01932000,1
1772524347377305700,1772524350072734,1772524350073414,BTCUSDT,68158.71000000,0.00009000,1
1772524347399926000,1772524350096323,1772524350096640,BTCUSDT,68158.71000000,0.01586000,1
1772524347735261600,1772524350431072,1772524350431392,BTCUSDT,68158.71000000,0.00108000,1
1772524348155880100,1772524350851743,1772524350852042,BTCUSDT,68158.71000000,0.02840000,1
1772524348249682800,1772524350945923,1772524350946279,BTCUSDT,68158.71000000,0.06772000,1
1772524348259434800,1772524350955711,1772524350956032,BTCUSDT,68158.71000000,0.00283000,1
1772524349250634100,1772524351946709,1772524351947242,BTCUSDT,68158.71000000,0.00080000,1
1772524349319602500,1772524352015868,1772524352016213,BTCUSDT,68158.71000000,0.03617000,1
1772524349515643400,1772524352212425,1772524352212785,BTCUSDT,68158.72000000,0.00044000,0
1772524349925542200,1772524352622180,1772524352622493,BTCUSDT,68158.71000000,0.00625000,1
1772524350259505700,1772524352953772,1772524352954056,BTCUSDT,68158.71000000,0.00080000,1
1772524350462600500,1772524353158950,1772524353159261,BTCUSDT,68158.72000000,0.00497000,0
1772524350957035300,1772524353653208,1772524353653553,BTCUSDT,68158.71000000,0.00020000,1
1772524351088766000,1772524353783701,1772524353784151,BTCUSDT,68158.71000000,0.00011000,1
1772524351101798100,1772524353797664,1772524353798089,BTCUSDT,68158.71000000,0.08536000,1
1772524351124371100,1772524353820564,1772524353821011,BTCUSDT,68158.72000000,0.01468000,0
1772524351658610100,1772524354355077,1772524354355364,BTCUSDT,68158.72000000,0.00997000,0
1772524351805778300,1772524354502019,1772524354502411,BTCUSDT,68158.71000000,0.00132000,1
1772524352018540500,1772524354713425,1772524354713787,BTCUSDT,68158.72000000,0.00145000,0
1772524352050373300,1772524354746778,1772524354747145,BTCUSDT,68158.72000000,0.00069000,0
1772524352073190500,1772524354769070,1772524354769352,BTCUSDT,68158.72000000,0.00074000,0
1772524352294673500,1772524354991359,1772524354991631,BTCUSDT,68158.72000000,0.04808000,0
1772524352915717300,1772524355611702,1772524355611993,BTCUSDT,68158.71000000,0.00120000,1
1772524353157015200,1772524355851144,1772524355851451,BTCUSDT,68158.71000000,0.02839000,1
1772524353250189300,1772524355945318,1772524355945614,BTCUSDT,68158.71000000,0.07383000,1
1772524353694874200,1772524356389665,1772524356389968,BTCUSDT,68158.71000000,0.00020000,1
1772524354344371600,1772524357039903,1772524357040189,BTCUSDT,68158.71000000,0.00191000,1
1772524354839511700,1772524357536027,1772524357536349,BTCUSDT,68158.71000000,0.00011000,1
1772524354851727600,1772524357548225,1772524357548499,BTCUSDT,68158.71000000,0.08536000,1
1772524355059209700,1772524357750181,1772524357750471,BTCUSDT,68158.71000000,0.00025000,1
1772524355059459000,1772524357751738,1772524357752049,BTCUSDT,68158.72000000,0.00074000,0
1772524355073903700,1772524357764862,1772524357765490,BTCUSDT,68158.72000000,0.02000000,0
1772524355074095500,1772524357768399,1772524357769642,BTCUSDT,68158.72000000,0.18970000,0
1772524355092687600,1772524357789073,1772524357789460,BTCUSDT,68158.72000000,0.00086000,0
1772524355092940800,1772524357789073,1772524357789464,BTCUSDT,68158.73000000,0.00016000,0
1772524355102750300,1772524357799323,1772524357799797,BTCUSDT,68159.06000000,0.00142000,0
1772524355117331100,1772524357805031,1772524357805653,BTCUSDT,68159.07000000,0.00134000,0
1772524355117632000,1772524357805031,1772524357805657,BTCUSDT,68159.08000000,0.00008000,0
1772524355247035000,1772524357942727,1772524357943114,BTCUSDT,68160.59000000,0.00020000,1
1772524356338655500,1772524359034675,1772524359035227,BTCUSDT,68160.60000000,0.01366000,0
1772524356338845000,1772524359034675,1772524359035231,BTCUSDT,68160.61000000,0.00016000,0
1772524356338976800,1772524359034675,1772524359035232,BTCUSDT,68160.67000000,0.00008000,0
1772524356504819700,1772524359201076,1772524359201507,BTCUSDT,68161.24000000,0.00249000,0
1772524356504908300,1772524359201076,1772524359201511,BTCUSDT,68161.25000000,0.00008000,0
1772524356507304100,1772524359204040,1772524359204492,BTCUSDT,68161.28000000,0.00102000,0
1772524356507354000,1772524359204040,1772524359204496,BTCUSDT,68161.29000000,0.00008000,0
1772524356567289500,1772524359262797,1772524359263254,BTCUSDT,68162.30000000,0.00180000,0
1772524356567385300,1772524359262797,1772524359263258,BTCUSDT,68162.31000000,0.00008000,0
1772524356567430800,1772524359262797,1772524359263260,BTCUSDT,68162.63000000,0.00008000,0
1772524356567480300,1772524359262797,1772524359263261,BTCUSDT,68162.72000000,0.00008000,0
1772524356567535700,1772524359262797,1772524359263262,BTCUSDT,68163.31000000,0.00008000,0
1772524356567607000,1772524359262797,1772524359263262,BTCUSDT,68163.81000000,0.00008000,0
1772524357249754600,1772524359946173,1772524359946477,BTCUSDT,68165.12000000,0.00009000,0
1772524357358089300,1772524360053886,1772524360054276,BTCUSDT,68165.11000000,0.00035000,1
1772524357398683200,1772524360094549,1772524360095065,BTCUSDT,68165.11000000,0.01585000,1
1772524357676010900,1772524360372498,1772524360372927,BTCUSDT,68165.11000000,0.00147000,1
1772524357954017900,1772524360644556,1772524360644884,BTCUSDT,68165.11000000,0.00108000,1
1772524358159075600,1772524360855046,1772524360855361,BTCUSDT,68165.11000000,0.04970000,1
1772524358249752300,1772524360945192,1772524360945576,BTCUSDT,68165.11000000,0.06743000,1
1772524358597688000,1772524361293930,1772524361294233,BTCUSDT,68165.11000000,0.00011000,1
1772524358608554100,1772524361305655,1772524361305930,BTCUSDT,68165.11000000,0.08537000,1
1772524358833665900,1772524361529951,1772524361530251,BTCUSDT,68165.12000000,0.00365000,0
1772524359623915200,1772524362319524,1772524362320186,BTCUSDT,68165.12000000,0.02735000,0
1772524359624070600,1772524362319684,1772524362320462,BTCUSDT,68165.12000000,0.02743000,0
1772524359624153900,1772524362319684,1772524362320472,BTCUSDT,68165.13000000,0.00031000,0
1772524359624192300,1772524362319684,1772524362320474,BTCUSDT,68165.19000000,0.00023000,0
1772524359624227000,1772524362320294,1772524362320882,BTCUSDT,68165.50000000,0.00008000,0
1772524359624260900,1772524362320294,1772524362320886,BTCUSDT,68165.51000000,0.00008000,0
1772524359624294800,1772524362320294,1772524362320886,BTCUSDT,68165.52000000,0.00008000,0
1772524359624332500,1772524362320294,1772524362320888,BTCUSDT,68165.53000000,0.00055000,0
1772524359624428500,1772524362320499,1772524362321079,BTCUSDT,68165.75000000,0.00113000,0
1772524359624462200,1772524362320499,1772524362321088,BTCUSDT,68166.02000000,0.00011000,0
1772524359624496200,1772524362320499,1772524362321089,BTCUSDT,68166.06000000,0.00008000,0
1772524359625711400,1772524362321399,1772524362322312,BTCUSDT,68166.83000000,0.00100000,0
1772524359637468600,1772524362326867,1772524362331319,BTCUSDT,68166.83000000,0.00103000,0
1772524359637560900,1772524362326867,1772524362331335,BTCUSDT,68166.84000000,0.00032000,0
1772524359637597700,1772524362326867,1772524362331336,BTCUSDT,68167.39000000,0.00008000,0
1772524359637632400,1772524362326867,1772524362331337,BTCUSDT,68167.68000000,0.00009000,0
1772524359637665800,1772524362326867,1772524362331338,BTCUSDT,68167.70000000,0.00008000,0
1772524359637703100,1772524362326867,1772524362331339,BTCUSDT,68168.00000000,0.00020000,0
1772524359637739700,1772524362326867,1772524362331340,BTCUSDT,68169.40000000,0.00008000,0
1772524359637773900,1772524362326867,1772524362331341,BTCUSDT,68169.56000000,0.00008000,0
1772524359637810800,1772524362326867,1772524362331342,BTCUSDT,68169.57000000,0.00075000,0
1772524359637844100,1772524362326867,1772524362331344,BTCUSDT,68169.62000000,0.00008000,0
